3230 5254
883 380 925 448 26

795 475 1008 486 ..m—m*

403 578 475 646 Iam
507 577 649 659 quidde
673 579 735 646 bac
758 578 909 662 opinione
933 577 1145 646 iudicandum
1161 585 1282 662 putem,
1306 576 1499 659 proferam:

316 689 369 756 Ad
405 687 483 754 iam.
511 690 547 774 J,
580 687 639 766 9,1o
677 707 749 756 cum
795 689 876 756 nibil
911 689 1040 757 omniuo
1076 690 1116 756 de
1145 692 1313 784 παλινῳδία
1348 687 1499 770 dicutur,

315 794 494 864 videndum
539 801 602 873 est,
655 793 733 876 quid
779 813 820 862 ex
855 797 928 879 ipsa
963 795 1104 880 epistula
1138 795 1253 876 quinta
1292 795 1499 862 concludere

315 902 484 984 possimus.
531 901 631 970 Initio
656 909 793 970 excusat
815 922 851 968 se
876 901 1001 981 Cicero,
1037 904 1124 985 quod
1152 901 1208 970 alii
1232 901 1368 986 cnidum,
1394 919 1496 984 quem

315 1027 378 1076 uon
410 1009 566 1088 nominat,
600 1009 691 1094 prius
727 1010 896 1092 exemplar
934 1009 1049 1093 scripti
1084 1008 1210 1076 miserit
1244 1029 1342 1090 quam
1366 1007 1497 1078 Attico.

313 1114 415 1184 „Ouum
438 1114 488 1182 rei
512 1117 657 1192 duarum,
695 1135 776 1197 quas
812 1117 947 1199 profert,
984 1133 1157 1183 causarum
1180 1116 1286 1184 altera
1310 1123 1371 1200 est,
1403 1117 1496 1196 quod
1531 1113 1534 1119 ’

316 1227 440 1307 pudore
465 1227 605 1310 quodam
629 1225 806 1310 impeditus
831 1227 873 1293 sit
900 1229 1153 1312 subturpiculam
1174 1230 1357 1314 παλινῳδίαν
1384 1226 1494 1294 amieo

311 1333 488 1416 legendam
512 1335 598 1401 dure.
644 1335 724 1417 lam,
756 1353 887 1418 quaeso,
912 1353 1015 1418 ponas
1039 1333 1122 1400 haee
1145 1334 1269 1416 scripta
1292 1351 1365 1400 esse
1388 1335 1493 1401 Antio

314 1440 453 1508 Romanu
483 1441 579 1522 paulo
608 1440 795 1524 postillam
831 1441 1018 1508 orationem
1053 1440 1211 1508 habitam.
1260 1441 1399 1508 Omnino
1432 1441 1491 1508 illo

314 1554 461 1630 tempore
486 1548 617 1614 Atticus
640 1549 764 1616 Romae
797 1550 1009 1631 versabatur3
1042 1566 1118 1616 num
1149 1547 1320 1630 probabile
1348 1548 1489 1615 enricum

312 1653 430 1730 amico,
455 1673 527 1722 cum
551 1654 616 1720 ium
640 1663 740 1722 antea
763 1654 960 1722 sententiam
983 1663 1142 1722 mutatam
1167 1654 1316 1721 oratione
1341 1654 1488 1738 longiore

302 1746 571 1845 pronuntiasset,
619 1762 701 1829 talia
746 1761 940 1845 scripsisse?
972 1799 1017 1810 -
1057 1765 1137 1829 Tum
1175 1763 1302 1828 demum
1350 1779 1484 1828 narrare

314 1867 452 1934 consilia
476 1877 613 1948 mutata,
647 1888 717 1936 cnm
747 1879 848 1934 antee
870 1879 1026 1936 versante
1060 1868 1164 1936 emico
1199 1867 1231 1934 in
1269 1870 1384 1936 eadem
1406 1870 1479 1934 mbe
1579 1923 1580 1929 ,

312 1974 347 2041 in
363 1980 479 2042 senatu
495 1977 597 2042 verba
612 1975 671 2042 illa
687 1977 875 2059 prolocutus
891 1979 999 2043 esset?
1016 2013 1058 2024 -—
1075 1979 1120 2042 At
1135 1993 1325 2058 pergamus:
1341 1973 1475 2058 Exponit
1579 1985 1580 2012 l

314 2066 450 2164 Tullius,
476 2070 600 2162 quauta
616 2082 754 2166 perfidie
779 2082 813 2147 in
837 2082 1049 2164 optimatibus
1073 2082 1125 2166 sit,
1151 2101 1220 2148 cum
1246 2083 1362 2163 quibus
1378 2083 1479 2148 deser·

312 2195 368 2254 tus
392 2197 426 2254 et
449 2187 585 2254 relictus
608 2196 719 2256 tamen
742 2190 776 2255 iu
800 2190 969 2272 republica
997 2200 1225 2256 consenserat:
1256 2190 1354 2255 iidem
1385 2194 1481 2265 moal,
1578 2181 1579 2188 '

313 2298 369 2377 qui
390 2298 538 2378 fuerant:
567 2300 622 2362 oia
646 2297 821 2380 aliquando
845 2305 873 2364 te
896 2303 1023 2364 auctore
1044 2299 1185 2380 resupini.
1232 2296 1365 2372 Atticus
1386 2295 1485 2378 igitur

313 2401 344 2467 ei
367 2414 519 2470 suaserat
552 2405 627 2484 iam,
666 2423 706 2471 ne
731 2411 798 2470 tam
830 2405 979 2488 graviter
1013 2402 1118 2470 ferret
1152 2403 1305 2470 iniuriam
1340 2405 1383 2469 ab
1418 2401 1483 2468 illis

311 2509 445 2576 illatam.
483 2505 584 2577 Dices
600 2533 637 2578 eo
653 2518 681 2578 te
696 2514 865 2594 monuisse,
882 2514 1031 2592 sponsae,
1048 2531 1129 2594 quoe
1142 2513 1292 2593 sorerem,
1309 2531 1373 2576 noe
1389 2512 1484 2577 ctiam

311 2623 347 2682 ιιί
380 2620 557 2685 scriberem.
604 2617 675 2684 Iam
704 2621 854 2685 videmus
883 2618 983 2700 plane
1014 2637 1048 2684 se
1079 2635 1235 2684 excusare
1260 2617 1346 2685 velle
1371 2615 1484 2684 Attico

312 2725 499 2794 Ciceronem
526 2730 566 2795 de
589 2733 756 2819 παλινῳδίας
778 2730 845 2813 illa,
880 2749 944 2810 qua
967 2728 1090 2811 scripta
1113 2747 1149 2795 se
1173 2730 1339 2810 obligaret
1361 2727 1413 2793 Ill
1437 2727 1484 2795 vi-

293 2851 420 2900 ‘rorum
451 2836 610 2917 partibus.
664 2843 773 2918 Atque
809 2835 835 2901 si
871 2855 990 2904 revera
1025 2837 1108 2901 baec
1142 2835 1266 2917 scripta
1301 2841 1378 2900 suut
1410 2841 1484 2916 post

312 2940 490 3007 orationem
520 2944 560 3008 de
583 2942 760 3025 provinciis
784 2945 1020 3026 consularibus,
1053 2942 1130 3022 quid
1164 2943 1298 3008 tandem
1332 2941 1485 3010 voluerat

312 3049 466 3114 Atticus?
490 3088 533 3096 -
556 3050 592 3116 si
615 3051 678 3116 iam
704 3052 835 3116 dixerat
859 3051 982 3133 Cicero,
1008 3056 1097 3116 certe
1114 3058 1182 3114 tam
1198 3068 1301 3132 grave
1318 3068 1382 3115 non
1399 3058 1483 3128 erat,

311 3166 348 3220 ut
371 3154 470 3222 etiam
500 3157 621 3222 litteris
649 3159 753 3226 verba
781 3158 964 3224 mandaret.
1011 3159 1124 3237 Neque
1159 3157 1242 3236 quod
1266 3154 1485 3222 Rauschenus

312 3267 477 3334 existimat
501 3272 626 3335 verber·
642 3271 698 3335 sed
722 3276 827 3336 tomen
852 3272 970 3336 modici
996 3272 1121 3352 fuimus
1137 3268 1286 3346 ὑποδέσει,
1311 3275 1347 3333 πί
1368 3269 1485 3348 ammei

313 3395 339 3440 e.
363 3394 391 3455 q.
415 3396 440 3441 s.
473 3375 660 3442 sententiae
684 3375 945 3444 adversariorum
971 3375 1095 3458 favere,
1133 3375 1264 3458 aptiora
1299 3374 1357 3440 illa
1380 3377 1484 3442 verba

311 3500 382 3548 esse
418 3484 459 3548 ad
494 3483 687 3551 Mommseni
726 3483 948 3550 coniecturam
982 3481 1223 3548 defendendam
1260 3481 1325 3547 dici
1362 3489 1482 3562 potest.

310 3588 465 3655 Reiutari
510 3609 590 3656 vero
636 3589 724 3656 illam
771 3593 885 3657 verbis
933 3609 1016 3671 quae
1064 3594 1258 3669 sequuntur:
1304 3591 1334 3653 εί
1368 3595 1398 3656 et
1431 3588 1484 3654 tile

311 3697 441 3762 libenter
469 3700 603 3778 accipiet
626 3700 681 3780 (so.
699 3696 838 3782 Caesar)
862 3705 891 3764 et
913 3701 939 3763 ια’
959 3699 1184 3780 subringentur
1207 3694 1264 3781 (sc.
1293 3695 1482 3778 optimates)

311 3801 383 3882 quis
418 3822 481 3869 nou
517 3803 704 3887 intellegit?
735 3843 774 3852 -
807 3805 901 3870 Haec
935 3805 980 3869 ad
1014 3803 1171 3886 scriptum
1206 3802 1325 3868 referri
1360 3804 1482 3868 debent

310 3929 371 3992 quo
396 3911 595 3977 sententiam
621 3913 788 3995 mutatam,
821 3910 861 3976 de
885 3930 949 3992 qua
972 3917 1072 3977 antea
1101 3909 1184 3976 nihil
1208 3910 1349 3986 dixerat,
1378 3908 1481 3992 publi·

310 4017 408 4084 cavit.
455 4018 537 4084 Nam
562 4017 591 4083 si
607 4018 791 4084 orationem
804 4025 902 4084 antea
918 4017 1087 4084 habuisset
1104 4015 1228 4099 Cicero,
1252 4016 1308 4082 illo
1332 4026 1480 4099 tempore

308 4124 373 4190 iam
398 4125 525 4192 sciebat
548 4124 722 4207 optimates
745 4124 806 4191 sibi
832 4142 1026 4190 succensere
1056 4143 1117 4190 nec
1148 4143 1183 4190 se
1212 4125 1386 4190 uberiorem
1409 4122 1480 4189 fore

309 4231 505 4316 scripsisset,
530 4235 560 4298 si
582 4236 609 4298 ii
630 4231 908 4318 submnpentoffl)

365 4375 415 4446 .15)
434 4376 523 4430 Verba
541 4375 605 4428 haec
624 4353 661 4428 E,
673 4373 818 4428 Muellerus
837 4374 864 4426 iu
883 4376 1075 4442 programmate
1094 4372 1303 4426 Kettowitziensi
1330 4373 1392 4425 anni
1411 4371 1478 4426 1886

308 4481 333 4534 p.
358 4467 375 4522 7
400 4467 460 4523 adn,
488 4467 521 4519 23
545 4465 578 4518 ad
606 4481 643 4521 or.
668 4465 702 4518 de
725 4481 798 4534 prov.
824 4479 895 4517 cons.
920 4461 1102 4518 habendam
1122 4463 1211 4516 refert.
