3230 5254
696 419 736 486 41

119 637 248 683 cauere
263 623 425 701 caperetur
441 619 528 682 omui
547 617 680 702 dilipen-
736 618 802 700 fait
813 593 893 699 ‘post
908 639 979 684 amn
997 617 1031 684 C.
1047 619 1212 699 Marcello,
1229 620 1298 684 sab-

117 725 170 788 tia
197 724 361 788 corsaburn
389 725 680 806 paoestipaudrrm,
735 725 944 790 scribentibus
961 725 1019 790 Cri.
1042 731 1071 790 et
1086 725 1125 790 L.
1142 726 1298 791 Lentulis.

116 834 151 896 si
173 831 256 912 qaod
275 836 352 896 esset
365 830 506 910 publicis
520 831 681 914 retipioui·
736 831 871 898 Arretio
907 830 1055 898 Caesaris
1085 839 1188 897 motor
1211 837 1315 898 testis¹

117 939 179 1003 bus
206 938 334 1003 illatura
363 938 533 1031 tlopitiaro.
584 937 681 1002 Acce·
735 940 771 1002 irc
786 938 945 1003 iudicium
961 941 1061 1004 citata
1076 946 1132 1004 est.
1173 939 1227 1004 Eo
1236 960 1300 1020 pro

119 1046 216 1110 ciebat
242 1044 304 1108 bac
328 1046 424 1108 etiam
446 1044 686 1124 praeiudicium.
739 1045 915 1110 testimonio
940 1046 1023 1110 dicit
1045 1066 1102 1110 sao
1122 1048 1215 1110 iusso
1230 1067 1301 1111 eran

118 1151 281 1234 quoddam
326 1149 361 1216 C.
387 1150 538 1216 Caesaris
580 1153 684 1235 ipsias
739 1171 804 1216 esse
819 1152 997 1217 dimissam.
1033 1152 1222 1217 [demolierit
1238 1152 1299 1218 Ja-

115 1259 299 1341 poatipiffi,
340 1259 395 1338 qai
426 1277 558 1322 acorem
592 1279 683 1324 saara
738 1258 784 1323 tio
807 1279 897 1324 soror
915 1257 1077 1324 Caesaris.
1125 1258 1172 1323 Et
1191 1266 1300 1324 torreo

120 1364 394 1446 ilioorepadiooit.
421 1363 499 1430 Post
513 1367 683 1446 qoodreos
731 1372 806 1444 post
829 1366 905 1431 bueo
928 1366 1091 1431 obsoletus
1115 1371 1168 1431 est.

122 1474 161 1538 oo
190 1474 308 1538 barasto
337 1473 446 1552 foetus
469 1478 514 1537 est
547 1471 585 1536 P.
612 1471 684 1537 Clo-

123 1579 198 1644 dias
226 1584 392 1644 mosaco
413 1578 452 1642 L.
470 1578 604 1647 Lentulo
633 1580 684 1643 da-

125 1687 271 1767 feriente
297 1685 330 1750 C.
357 1685 495 1752 Curious
512 1692 616 1768 patre.
687 1756 689 1762 ,

213 1843 363 1911 Scholion
395 1845 542 1910 additum
574 1863 647 1910 esse
677 1847 717 1910 ab
749 1845 812 1910 alio
844 1851 945 1926 atque
969 1843 1037 1926 qui
1069 1833 1298 1930 argumentum

128 1950 257 2033 scripsit
282 1952 489 2019 Geumitzius
514 1961 623 2034 putat:
648 1954 752 2018 Boiole
775 1951 897 2031 Stetere,
924 1961 960 2018 ut
984 1953 1053 2018 eius
1076 1953 1188 2021 verbis
1213 1962 1298 2035 utar,

124 2059 247 2125 iborea
270 2061 454 2144 aarabpiicb
475 2081 535 2126 ooo
559 2061 736 2126 derusctberr
767 2059 934 2142 Vorfosscr
958 2063 1036 2126 seire.
1084 2060 1133 2125 Es
1156 2064 1200 2126 ist
1214 2061 1300 2127 uiobt

121 2165 270 2244 deabbar,
294 2170 370 2233 dass
393 2170 445 2233 eia
469 2169 627 2233 Erbtdrer
649 2170 685 2232 ire
708 2168 869 2233 berselbao
884 2168 972 2234 Reda
993 2169 1073 2234 obre
1096 2167 1300 2253 Verroeisrrrrg

122 2274 204 2338 roob
226 2275 345 2338 eirrmot
369 2272 500 2340 dieselbe
519 2275 711 2352 Cescbiobte‚
736 2296 797 2339 ooo
820 2276 877 2339 der
893 2278 934 2358 ja
955 2277 1006 2340 die
1022 2296 1121 2357 poree
1139 2275 1299 2341 loveletioe

120 2379 261 2461 bordeti,
286 2382 485 2464 ausfribrtr'cb
508 2383 576 2447 aad
600 2383 650 2446 als
673 2389 768 2447 etwas
791 2403 886 2447 peaes
909 2383 1037 2463 errabit,
1064 2383 1116 2446 die
1133 2403 1166 2446 er
1181 2384 1299 2464 weuiae
1393 2373 1395 2376 ⁵

122 2479 231 2555 Seiteri
261 2488 373 2552 corba
402 2491 438 2553 ire
467 2490 524 2553 der
552 2488 753 2572 Er‘oteitaup²
787 2489 856 2553 deur
885 2489 989 2574 eioeip
1006 2488 1187 2568 posseoderr
1215 2488 1297 2566 Orto,

117 2595 268 2678 pebroobt
290 2595 356 2660 bort.
380 2632 425 2640 —
448 2594 548 2661 Dara
571 2595 686 2658 loorumt
711 2596 766 2660 oter
790 2595 996 2661 Ureterscbied
1019 2598 1055 2659 io
1076 2596 1133 2660 der
1150 2594 1297 2659 Dittr‘ori.

116 2738 165 2747 —
180 2701 277 2768 Niobt
291 2703 597 2769 oowobrscbeirctr'ob
612 2705 655 2766 ist
671 2724 704 2767 es
719 2704 790 2779 rair,
810 2703 886 2767 dass
903 2703 960 2766 der
976 2702 1096 2767 Zosata
1112 2723 1173 2766 aas
1188 2701 1299 2766 Cicero

118 2808 165 2872 aot
175 2808 273 2874 Attia.
288 2811 316 2886 1,
324 2820 363 2875 12
375 2811 443 2874 arrd
454 2820 491 2876 13
503 2811 571 2875 aad
584 2811 653 2874 dero
661 2809 841 2892 Arparroerrt
851 2809 1232 2891 aasommeopescbriebero
1245 2811 1296 2874 ist.
1333 2843 1336 2850 ·

119 2913 246 2980 Contra
270 2915 482 2999 Schillingius
515 2916 681 2998 integrum
711 2923 807 2998 putat
835 2917 950 2997 locum,
983 2934 1056 2980 cum
1087 2917 1216 2998 saepius
1245 2934 1298 2980 res

119 3028 280 3087 narratae
308 3022 341 3088 in
374 3024 608 3088 commentario
641 3026 878 3087 retractentur.
926 3027 971 3087 At
1002 3022 1062 3088 hoc
1092 3021 1299 3087 Geumitzius

118 3135 212 3194 recte
238 3131 389 3209 exposuit
412 3129 595 3194 mirandum
620 3147 701 3212 esse,
727 3129 813 3208 quod
836 3145 878 3192 ne
902 3146 965 3194 uno
990 3129 1121 3208 quidem
1145 3131 1246 3196 verbo
1264 3136 1300 3193 ut

48 3298 54 3306 .
122 3234 199 3300 aliis
234 3235 316 3300 locis
352 3234 532 3301 scholiasta
566 3237 609 3300 ad
643 3237 785 3318 priorem
822 3235 1044 3301 narrationem
1076 3253 1136 3300 uos
1160 3235 1297 3317 relegat.

118 3343 218 3408 Hunc
253 3343 338 3408 enim
374 3342 444 3408 eius
480 3363 599 3408 morem
641 3361 712 3408 esse
751 3341 921 3424 permultis
953 3342 1034 3408 locis
1070 3339 1247 3421 evincitur,
1281 3358 1298 3405 e

120 3450 239 3531 quibus
263 3469 416 3532 magnum
428 3468 596 3516 numerum
612 3449 662 3515 vir
679 3451 793 3517 doctus
811 3449 978 3532 congessit
994 3449 1028 3514 in
1044 3468 1108 3530 pag
1122 3447 1173 3512 13.
1202 3447 1298 3512 Exci·

120 3556 498 3652 disseigituribiverba
520 3565 563 3622 ut
582 3557 619 3621 in
637 3566 877 3639 argumento
895 3555 1140 3638 praelocuti
1160 3573 1298 3622 sumus

120 3662 171 3746 (cf
192 3661 429 3748 teneatur)
454 3665 508 3732 vel
532 3664 651 3729 similia
675 3663 885 3728 manifestum
910 3670 971 3729 est.
1018 3662 1147 3728 Deinde
1173 3680 1213 3728 ne
1237 3662 1298 3728 hoc

122 3771 255 3852 quidem
283 3771 398 3854 negari
427 3779 536 3852 potest
567 3771 664 3852 plane
689 3771 867 3835 abhorrere
893 3769 1025 3836 dicendi
1050 3789 1152 3853 genus
1176 3771 1295 3852 abeo,

123 3895 186 3958 quo
212 3869 381 3960 interpres
401 3878 434 3942 in
460 3879 693 3942 commentario
718 3877 830 3942 utitur.
877 3878 926 3944 Ne
951 3883 1062 3942 tamen
1086 3878 1202 3941 credat
1227 3876 1297 3957 quis

121 4001 241 4072 revera
273 3985 372 4050 alium
403 4004 536 4065 operam
561 3985 706 4066 dedisse,
738 3992 775 4049 ut
806 3982 1015 4050 Geumitzius
1046 3984 1118 4050 vult
1147 3983 1297 4066 epistulis

119 4091 291 4158 Ciceronis
314 4093 477 4174 legendis:
502 4091 689 4157 testimonia
705 4091 891 4170 mulierum,
917 4093 1120 4157 accusatoris
1137 4089 1297 4172 subscrip-

116 4207 294 4282 torumque
305 4199 436 4266 nomina
451 4199 496 4264 ibi
509 4199 709 4265 omninonon
718 4197 1295 4284 commemorantur.³)Restatigitur,

118 4316 156 4375 ut
189 4308 336 4374 dicamus
369 4314 497 4372 mutata
532 4309 594 4372 hoc
630 4309 701 4371 loco
739 4308 841 4372 verba
879 4325 951 4372 esse
983 4304 1182 4371 scholiastae
1210 4325 1229 4369 a
1259 4305 1296 4370 li-

211 4488 234 4554 3)
254 4485 337 4554 petita
355 4486 418 4537 sunt
436 4483 523 4538 omnia
542 4501 576 4536 ex
595 4484 712 4536 oratione
730 4483 800 4550 ipsa:
821 4483 854 4535 cf.
874 4486 971 4552 338,24.
