3230 5254
811 365 1019 464 ‚1⁶5-

326 566 356 626 v
384 561 525 627 Antonio
560 579 660 626 conce
693 561 796 626 oratio
832 557 934 625 XXI
937 557 995 624 V.“
1054 557 1096 624 Ιιι
1129 559 1303 641 evemploro'
1336 559 1384 623 uic
1418 559 1500 641 fuit:

328 663 500 745 ..Sntetous
516 666 685 733 Maximus
700 687 828 733 rursum
852 667 1015 733 emendavi
1037 666 1081 732 od
1101 664 1255 748 Tyronevo
1278 671 1308 730 ot
1322 665 1501 731 meconio-

325 795 403 839 num
427 780 456 840 et
479 765 560 840 dorso.
589 772 680 860 (sici)
712 781 742 839 ot
771 775 853 839 ulios
885 780 1001 839 eeteros
1026 771 1095 838 ΙΙΙ
1117 773 1219 837 oratio
1251 771 1403 838 evbniof‘
1450 773 1502 838 Ex

326 879 530 947 orationibus
553 881 729 947 secundum
758 879 915 963 temporis
943 877 1103 945 rationem
1137 876 1304 960 dispositis
1334 877 1501 944 inlocum

327 986 444 1053 XXIV
454 986 600 1054 succedit
612 986 717 1069 prime
730 988 771 1052 de
782 987 856 1070 lege
869 985 1012 1070 agrario.
1036 985 1153 1065 Itaque
1162 986 1222 1052 hus
1232 983 1500 1068 subscriptiones,

326 1112 399 1160 cum
429 1092 523 1160 initio
554 1095 720 1160 secundae
749 1092 877 1176 positae
908 1101 1029 1170 esseut
1061 1093 1104 1158 ud
1137 1091 1234 1158 finem
1271 1091 1501 1174 praecedentis

326 1201 522 1284 relegandus
546 1219 619 1268 esse
643 1201 769 1268 censuit
791 1200 844 1270 vir
868 1202 992 1267 doctus.
1017 1200 1131 1280 Neque
1156 1200 1197 1264 de
1220 1199 1284 1265 hec
1306 1217 1342 1264 re
1359 1197 1502 1265 dubituri

325 1315 445 1391 potest.
492 1309 731 1389 etenimquod
754 1325 908 1374 numerus
931 1307 1066 1374 ulterius
1092 1307 1190 1392 (III)
1215 1309 1264 1373 ite
1288 1303 1414 1389 positus
1440 1313 1500 1388 est,

327 1422 366 1479 ιιι
388 1433 461 1480 cum
484 1416 525 1480 ad
548 1416 741 1482 vooabmum
766 1413 924 1482 orationis
947 1423 1099 1497 spectare
1115 1412 1235 1495 uliquis
1251 1415 1402 1480 conicere
1418 1413 1500 1480 eico

325 1529 426 1602 toque
448 1523 560 1605 verbo,
594 1523 679 1603 quod
710 1531 761 1590 est
789 1525 907 1589 euimie
937 1519 1206 1604 subscriptionem
1230 1521 1273 1586 ed
1296 1520 1432 1587 tertium
1459 1521 1497 1586 de

326 1627 399 1710 lege
422 1629 557 1712 ugr-urio
579 1629 762 1696 orationem
786 1628 912 1696 reterre
935 1627 1049 1712 possit,
1083 1627 1165 1694 bueo
1186 1625 1354 1692 sententia
1380 1627 1498 1711 impro-

325 1736 438 1802 bando
461 1743 511 1802 est
534 1755 574 1803 eo
597 1735 713 1820 magis,
738 1739 823 1818 quod
846 1735 979 1803 minime
1003 1733 1181 1804 verisimile
1202 1743 1254 1800 est
1275 1735 1418 1799 numeris
1434 1734 1500 1801 iam

326 1851 395 1910 tum
420 1854 457 1908 ιιι
479 1845 566 1927 apud
589 1863 647 1910 uos
672 1843 746 1910 illus
769 1844 937 1910 orationes
954 1851 1071 1910 contro
1086 1843 1217 1909 Rullum
1236 1839 1408 1908 distinctos
1424 1855 1500 1906 esse

325 1948 380 2034 (cf.
414 1969 489 2034 pug.
524 1951 575 2016 li.
598 1952 674 2018 adn.
699 1951 742 2035 8).
796 1950 861 2019 Sed
888 1952 976 2033 quod
1007 1951 1125 2018 deinde
1155 1956 1252 2031 putat
1282 1943 1497 2028 Kiesslinpius

271 2076 274 2080 ·
326 2074 495 2124 numerum
520 2057 636 2124 XXIV
661 2059 704 2124 ud
731 2057 895 2126 Statilium
923 2057 1101 2126 Maximum
1128 2058 1169 2124 ob
1197 2073 1334 2136 umque
1360 2071 1429 2122 rem
1455 2053 1499 2118 od

325 2165 469 2231 alterum
492 2185 523 2247 p.
541 2163 617 2232 Chr.
641 2165 806 2232 soeculum
830 2173 992 2249 spectare,
1019 2183 1061 2232 eu
1086 2163 1193 2232 videri
1219 2163 1321 2245 possit
1344 2158 1501 2230 audacior

326 2269 525 2338 coniectura.
561 2271 692 2339 Etenim
713 2272 748 2339 in
771 2273 881 2339 altere
900 2272 1142 2356 subscriptione
1158 2288 1319 2350 numerus,
1341 2271 1376 2340 iu
1391 2268 1500 2334 ultore

325 2391 445 2444 nomen
474 2387 534 2445 est.
583 2377 694 2461 Quare
725 2399 764 2446 eo
795 2387 924 2447 tuntum
955 2380 1139 2463 procedam,
1174 2389 1209 2446 ut
1241 2379 1346 2446 dicum
1374 2386 1436 2442 eut
1458 2377 1502 2441 ab

327 2486 442 2552 eodem
454 2486 587 2554 Statilio
608 2495 782 2568 utromque
797 2489 1072 2571 subscriptionem
1087 2487 1236 2554 additum
1253 2505 1336 2566 esse,
1354 2486 1400 2571 id,
1416 2483 1505 2566 quod

328 2591 506 2660 verisimile
531 2594 570 2660 fit
591 2596 707 2663 verbo:
730 2597 887 2683 rnsomi)
912 2608 968 2663 aut
990 2594 1204 2677 posteriorem
1230 2603 1362 2665 tontum
1383 2594 1426 2658 ab
1442 2592 1505 2658 boc

327 2701 484 2782 scriptum
500 2720 582 2782 esse,
607 2706 750 2784 priorem
772 2705 813 2770 ob
836 2703 940 2789 oliui)
977 2704 1092 2788 Neque
1111 2721 1203 2784 vero,
1227 2711 1337 2770 utrum
1358 2703 1442 2770 hoec
1457 2716 1501 2765 un

327 2805 385 2872 illa
408 2808 576 2877 sententie
594 2822 685 2877 rectu
709 2812 762 2894 sit,
787 2811 923 2878 multum
950 2813 1105 2878 interest:
1130 2813 1346 2878 concedemus
1368 2813 1502 2892 oportet

328 2913 512 2995 opinionem
542 2935 659 3000 corpus
683 2919 870 2984 orationum
903 2920 944 2984 ub
966 2917 1107 2986 Asconio
1135 2918 1355 3000 Bobiensique
1385 2934 1501 2982 nemu-

329 3030 438 3088 ternm
464 3031 712 3108 extemporum
736 3027 851 3092 ordine
875 3025 1068 3109 dispositum
1092 3026 1233 3111 fuisset)

326 3203 386 3270 post
404 3200 499 3256 Christ.
518 3202 567 3268 403
587 3201 638 3255 vol.
657 3205 692 3260 X.
725 3202 791 3257 1881
812 3213 916 3256 curante
935 3206 965 3258 L.
984 3205 1105 3256 coerano
1124 3207 1256 3257 Primitivo
1280 3206 1315 3273 (p.
1340 3204 1401 3260 (ihr.
1427 3204 1502 3270 165);

326 3289 425 3358 puesim
444 3290 493 3343 hoc
512 3307 610 3345 nomen
628 3292 741 3345 occurrit
758 3292 786 3344 in
805 3291 890 3346 Gellio
908 3291 1039 3362 Cisalpine
1058 3294 1101 3362 (cf.
1122 3293 1179 3348 011.
1198 3293 1249 3348 vol.
1268 3294 1315 3357 Vt.

417 3379 439 3446 ι’)
459 3379 492 3434 ci.
505 3378 725 3450 subscriptionem
738 3381 844 3451 Apuleii
856 3382 925 3451 opud
939 3382 1078 3436 Ieiunium:
1099 3385 1152 3454 Ego
1175 3385 1281 3454 Crispus
1296 3390 1437 3442 Sallustius
1454 3389 1503 3450 legi

326 3483 351 3524 et
367 3477 498 3526 emendavi
515 3478 661 3527 Romae...
680 3478 785 3528 Rursus
804 3479 1022 3543 Constantinopoli
1038 3481 1176 3543 recognovi.

417 3557 440 3622 Β)
459 3558 521 3612 teliu
545 3560 615 3613 euim
638 3577 690 3614 usu
717 3561 822 3615 venisse
846 3562 977 3630 spondent
1000 3561 1205 3632 subscriptiones
1222 3561 1250 3615 X
1269 3559 1412 3630 primorum
1431 3557 1500 3612 Livii

326 3645 461 3702 librorum.
499 3648 636 3702 Hsecum
655 3649 778 3719 insint,
806 3667 919 3719 querum
936 3651 964 3707 l:
992 3657 1169 3708 Nicomachus
1196 3659 1341 3710 Flavianus
1357 3671 1381 3706 v.
1399 3655 1433 3704 el.
1454 3655 1504 3705 III

323 3743 445 3806 haesere.
458 3745 530 3794 serbis
546 3747 677 3796 emendavi
692 3748 767 3810 opud
776 3748 905 3811 Hennam,
923 3741 966 3796 11:
985 3750 1157 3798 Nicomochus
1176 3747 1273 3797 Dexter
1290 3763 1315 3795 o.
1326 3747 1357 3796 el.
1370 3745 1504 3796 emendavi

325 3832 364 3881 od
378 3835 519 3896 exemplum
534 3837 652 3898 parentis
670 3836 719 3886 snei
738 3836 909 3897 Clemenesone',
927 3831 982 3887 111:
1010 3829 1170 3889 Victorianus
1186 3836 1414 3886 venundatione
1430 3835 1502 3884 done·

326 3922 369 3970 snb
387 3921 552 3986 Symmachi,
576 3916 642 3971 hoec
664 3917 692 3972 in
715 3918 768 3972 fine
792 3919 910 3972 omnium
936 3919 1063 3974 librorum
1090 3920 1171 3987 extet,
1198 3934 1260 3972 cum
1288 3917 1373 3988 prime
1390 3917 1503 3971 coniun-

325 4002 398 4072 gitur
415 4001 445 4056 iu
463 4005 515 4058 tine
534 4005 613 4075 sexti,
632 4005 746 4077 septimi,
771 4008 865 4078 octavi,
885 4025 945 4062 cum
964 4009 1048 4064 altere
1065 4009 1093 4064 iu
1111 4009 1164 4062 fine
1182 4007 1262 4078 tertii,
1287 4008 1382 4076 quarti,
1408 4007 1503 4076 quuint'u

419 4092 439 4163 r)
458 4097 552 4163 Atque
560 4095 604 4149 hic
616 4097 795 4150 adnotandum
805 4097 923 4153 breviter
932 4102 974 4153 est
987 4116 1073 4170 nuper
1081 4097 1223 4153 Manitium
1232 4097 1261 4152 in
1270 4095 1503 4166 commentatione,

325 4198 406 4251 quum
425 4184 530 4254 scripsit
542 4186 575 4239 de
588 4184 727 4240 Aldhelrno
737 4189 888 4255 (comment.
903 4189 985 4243 Acod.
1000 4189 1113 4244 Vindob.
1126 4189 1181 4243 ord.
1195 4187 1334 4260 phu-bist
1349 4190 1412 4242 tum.
1426 4185 1505 4241 CXII

326 4288 351 4340 p.
373 4272 445 4342 601),
468 4273 534 4327 duos
552 4273 623 4328 locos
642 4275 770 4346 accusso,
794 4277 890 4345 quibus
913 4278 1095 4332 demonstrare
1114 4278 1165 4332 sibi
1185 4280 1258 4332 visus
1277 4279 1319 4332 est
1336 4277 1416 4332 etiem
1435 4273 1504 4329 alius

325 4361 424 4416 ominis
442 4361 557 4432 epilogus
581 4363 709 4420 extitisse.
746 4365 783 4420 Hi
801 4369 877 4419 sunt:
911 4369 994 4418 Cicero
1012 4372 1039 4420 ise
1060 4369 1122 4419 libro
1141 4371 1205 4421 XV:
1235 4383 1334 4436 „omna
1358 4367 1463 4432 inploro
1480 4374 1506 4417 ee

325 4452 453 4506 tonsore
482 4451 618 4522 (Aldhelm
636 4454 677 4508 ed.
697 4451 751 4508 uu
769 4477 805 4502 =
820 4457 891 4520 pauo.
911 4455 987 4516 cleos.
1007 4455 1032 4508 V
1050 4471 1075 4524 p.
1089 4455 1157 4526 5903
1177 4451 1504 4511 oecumenicum
