3230 5254
888 415 931 482 42

321 615 443 681 brario.
490 617 601 694 Atque
630 615 720 698 fugit
749 585 823 682 illos
848 617 934 698 quod
957 614 1101 682 eiusdem
1126 611 1259 696 generis
1282 611 1408 678 scholia
1431 610 1500 677 alia

323 729 447 803 extant,
471 731 508 788 ut
531 723 617 802 quod
642 724 755 788 statim
780 723 940 804 sequitur:

412 827 516 912 337,9.
567 830 653 896 Nom
676 830 743 912 fuit
762 832 819 896 loc
836 830 995 896 Claudiae
1014 828 1163 912 familiae
1180 847 1349 910 coquomen
1362 826 1497 892 illustre.

323 939 445 1021 Quippe
478 939 656 1018 antiquitus
691 937 730 1003 P.
764 937 924 1003 Clondicus
946 937 1036 1016 Appi
1065 934 1159 1001 Caeci
1188 936 1278 1018 pilius
1301 935 1432 1017 primia
1462 954 1499 998 cc

322 1047 384 1109 isto
406 1065 517 1126 ponere
534 1043 671 1108 Pulcher
686 1043 868 1124 appellatus
890 1048 944 1111 cst.
989 1041 1057 1107 Hic
1078 1042 1188 1107 consid
1203 1041 1291 1122 apud
1305 1039 1500 1120 Drepanum

324 1152 477 1217 cauea
500 1152 647 1232 auspicia
672 1150 790 1216 Poenis
813 1152 913 1216 classe
937 1151 1088 1231 confluit.
1136 1149 1191 1214 Ea
1207 1169 1322 1230 puono
1337 1147 1499 1212 Romano-
1588 1233 1589 1242 ἵ

322 1279 395 1322 rura
418 1279 513 1322 naves
530 1259 697 1338 perierunt
728 1257 842 1323 CXX.
894 1258 938 1323 Ob
970 1257 1007 1321 id
1037 1257 1161 1338 facturn
1192 1256 1260 1320 dies
1282 1257 1311 1319 ei
1335 1255 1424 1319 dicta
1455 1261 1501 1320 cst
1588 1243 1589 1312 l

317 1363 549 1445 perduellionis
572 1385 593 1428 o
612 1362 722 1428 Pullio
746 1361 867 1446 (Tullio
883 1361 1005 1445 Maius)
1030 1367 1059 1426 ct
1077 1360 1250 1427 Fundanio
1270 1367 1308 1426 tr.
1318 1360 1368 1442 pl.
1418 1359 1499 1426 Cum
1588 1397 1589 1412 2

324 1473 452 1536 comitia
475 1471 542 1535 eius
564 1473 611 1534 rei
634 1471 753 1551 timent,
786 1475 815 1534 ct
837 1472 998 1536 centuriae
1020 1470 1305 1547 introducerentur,
1330 1473 1500 1548 amasios

324 1578 454 1642 turbido
486 1583 593 1641 coorta
624 1581 677 1640 cst.
733 1574 854 1639 Vitium
885 1576 1069 1644 intercessit.
1116 1573 1235 1640 Postea
1264 1578 1303 1638 tr.
1329 1574 1377 1655 pl.
1402 1576 1499 1638 inter-

311 1690 489 1760 cesserunt,
523 1704 561 1748 nc
584 1683 682 1747 iidern
706 1683 847 1748 homines
869 1684 906 1746 iu
928 1682 1032 1746 eodern
1055 1684 1251 1763 mapislratu
1270 1679 1499 1759 perduellionis

324 1792 372 1856 bis
399 1791 533 1857 eundern
563 1794 758 1855 accusarent.
807 1788 921 1870 ltaque
951 1791 1075 1852 actione
1104 1792 1239 1863 mutato,
1270 1787 1385 1851 iisdem
1407 1808 1497 1853 occu

324 1899 479 1974 santulus,
510 1897 611 1961 multa
634 1898 796 1978 inropata,
823 1895 962 1979 populus
993 1914 1064 1957 curn
1087 1894 1252 1958 damnauit
1282 1895 1370 1958 aeris
1389 1895 1495 1976 orans
1588 1949 1589 1978 ᾗ

326 2004 434 2069 CXX
454 2003 606 2068 millibus.

415 2117 450 2174 et
474 2108 648 2194 deinceps:

415 2213 526 2294 338&
572 2215 813 2280 Praetenuntur
828 2219 1027 2296 arpumcnto,
1052 2213 1165 2294 quilius
1181 2216 1321 2279 incestus
1335 2213 1378 2298 P
1396 2211 1495 2278 Clodii
1588 2217 1589 2226 ²

319 2326 461 2408 potuerit
483 2322 637 2406 facillime
655 2322 800 2404 molari
832 2323 898 2386 nisi
914 2322 1056 2403 penuria
1081 2322 1318 2386 intercessisset:
1356 2321 1440 2386 Nom
1465 2320 1500 2384 Ο.

328 2429 450 2496 Gomor
466 2432 615 2512 pontifex
639 2430 749 2494 dicbus
772 2423 839 2493 illis
858 2429 1048 2510 repudiarat
1063 2448 1203 2492 acorem.
1253 2426 1409 2492 Feminae
1429 2448 1502 2510 quo·

326 2559 394 2622 quc,
425 2559 504 2620 qnae
532 2537 584 2602 illi
606 2537 765 2618 sacrificio
789 2538 1015 2618 interfuerant,
1048 2537 1085 2600 dc
1107 2537 1285 2600 interuentu
1307 2535 1398 2599 cirili
1420 2538 1504 2599 testi-

325 2645 467 2708 rnoniunt
490 2645 649 2708 dicerunt.
696 2641 788 2708 Serui
811 2645 917 2723 ctiam,
943 2663 1013 2706 cura
1031 2647 1216 2726 peterentur
1231 2643 1266 2705 in
1283 2644 1503 2722 quaestionem,

326 2751 461 2816 alienati
483 2753 616 2834 fumant
640 2757 668 2815 ct
691 2752 727 2813 in
752 2750 896 2814 diuersas
913 2750 1103 2828 prouincias
1128 2750 1167 2813 ab
1193 2749 1320 2812 domino
1343 2749 1445 2814 missi.
1588 2817 1589 2828 χ

290 2841 294 2850 ’
415 2854 525 2920 Etiam
565 2855 614 2919 his
652 2853 733 2920 locis
772 2853 869 2935 plane
913 2853 1000 2919 idem
1034 2871 1137 2935 genus
1169 2853 1300 2919 dicendi
1338 2851 1504 2922 invenies:
1588 2861 1589 2926 t

325 2964 442 3028 brevia
459 2962 632 3029 enuntiata
640 2963 743 3028 multo
759 2961 914 3028 uberiora
930 2960 1194 3028 commentatoris
1210 2959 1336 3028 scholia
1348 2970 1504 3044 excerpta
1588 2949 1589 2992 ἶ

327 3088 399 3136 esse
423 3077 598 3136 testantur.
645 3073 684 3136 In
708 3068 876 3134 Archiana
902 3086 1029 3149 quoque
1057 3067 1241 3136 huiusmodi
1269 3067 1502 3135 adnotationes

327 3177 381 3257 (cf.
407 3176 508 3255 dispo
531 3196 600 3258 sqq.
626 3174 731 3259 {lirina
753 3178 837 3261 sqq.)
862 3175 1084 3243 inveniuntur.

416 3283 478 3350 His
492 3285 592 3348 rebus
605 3282 669 3348 iam
685 3285 765 3348 satis
782 3283 1027 3347 demonstrasse
1040 3281 1119 3347 mihi
1131 3283 1247 3350 videor
1259 3300 1324 3347 non
1337 3281 1500 3365 integrum
1550 3281 1553 3287 ’

326 3390 568 3456 nossaeculiIV
578 3389 847 3455 commentarium
856 3396 979 3452 tenere.
1003 3387 1106 3453 Immo
1118 3387 1273 3454 librarius
1282 3389 1499 3471 etcomplures

327 3497 493 3562 orationes
506 3505 540 3560 et
551 3497 655 3561 multa
667 3494 791 3562 scholia
802 3512 867 3560 non
882 3493 1056 3576 descripsit
1068 3493 1146 3559 etin
1161 3493 1209 3560 eis
1222 3494 1498 3574 adnotationibus
1588 3535 1589 3580 p

327 3621 407 3683 quas
421 3603 579 3683 servavit,
590 3601 722 3683 saepius
733 3603 838 3668 verba
851 3600 1088 3680 enuntiataque
1100 3601 1155 3666 vel
1164 3601 1304 3668 mutavit
1315 3601 1370 3669 vel
1382 3602 1496 3667 omisit.
1588 3609 1589 3620 ¹

416 3709 495 3787 Iam,
522 3709 671 3789 quoniam
697 3718 798 3775 antea
821 3707 960 3773 vidimus
984 3708 1017 3773 in
1042 3711 1278 3776 commentario
1294 3709 1344 3774 IV
1369 3707 1501 3787 saeculi,

328 3817 418 3883 cuius
458 3835 516 3882 nos
555 3823 669 3899 partes
709 3828 868 3896 tenemus,
905 3817 1075 3896 antiquum
1111 3815 1166 3897 qni
1202 3835 1313 3883 omnes
1338 3815 1503 3882 Ciceronis

327 3924 493 3990 orationes
517 3925 705 4007 complexus
730 3933 813 4009 erat,
837 3929 1057 3988 retractatum
1086 3941 1166 4005 esse,
1190 3925 1233 3988 ad
1257 3922 1344 3988 illius
1360 3923 1504 3989 indolem

326 4041 520 4115 tempusque
544 4031 762 4098 definiendum
787 4038 1006 4096 transeamus
1053 4031 1138 4096 Esse
1172 4038 1282 4097 autem
1317 4033 1406 4096 huna
1428 4030 1504 4094 rhe-

327 4137 467 4203 toricum
491 4144 525 4202 et
547 4137 739 4204 historicum
762 4138 826 4206 viri
850 4137 938 4202 docti
962 4154 1073 4202 omnes
1088 4132 1332 4203 intellexerunt.
1372 4137 1504 4218 ltaque,

328 4263 469 4325 quonam
498 4255 646 4327 tempore
683 4244 769 4310 tales
806 4243 1033 4309 commentarii
1065 4243 1246 4326 extiterint,
1280 4243 1505 4324 quaerendum

327 4363 387 4417 est.
433 4353 552 4432 Atque,
579 4352 633 4433 qui
649 4352 772 4434 primus
794 4351 1044 4433 interpretando
1061 4351 1105 4418 M.
1122 4351 1229 4417 Tullio
1247 4368 1380 4432 operam
1398 4350 1504 4429 dedit,

326 4459 487 4526 Asconius
515 4478 535 4524 a
559 4459 715 4526 Suetonio
750 4458 838 4524 inter
869 4459 1045 4524 historicos
1070 4464 1296 4525 enumeratur:
1329 4457 1507 4524 enarravit
