3230 5254
802 345 823 410 3

224 551 313 627 nent,
351 545 479 612 solvere
518 541 689 627 possimus.
748 545 857 623 Atque
895 539 1018 624 primus
1058 537 1303 625 Gaumitzius13)
1342 558 1398 606 eas

224 651 385 719 tractavit
418 650 477 734 ita,
517 656 555 716 ut
602 655 636 715 et
675 636 835 727 auctores,
875 649 991 731 quihus
1024 666 1102 714 usus
1140 654 1189 714 est
1223 645 1397 729 interpres,

223 761 434 824 enumeraret
465 763 499 823 et
521 755 603 822 iuris
626 755 878 838 litterarumque
902 752 1074 821 scientiam
1097 753 1184 820 illius
1206 753 1398 820 illustraret.

222 863 352 932 Deinde
383 843 648 949 schhhngiusss)
685 862 787 929 multo
817 860 1006 928 accuratius
1036 863 1078 928 de
1112 862 1181 926 eius
1211 860 1399 927 auctoribus

222 976 256 1039 et
280 969 441 1053 doctrina,
475 971 516 1036 de
530 966 768 1037 'commentarii
792 967 1039 1052 compositione,
1075 969 1115 1034 de
1147 979 1304 1049 tempore,
1335 985 1398 1048 quo

221 1080 347 1161 scripta
371 1083 483 1144 essent
502 1076 639 1158 scholia,
665 1075 830 1143 disseruit.

310 1185 430 1266 Itaque
458 1182 607 1266 qnoniam
640 1182 674 1249 in
706 1180 1039 1250 commentationibus
1071 1183 1176 1248 honae
1200 1180 1306 1264 frugis
1329 1181 1398 1264 ple-

222 1290 366 1358 nissimis
396 1308 479 1372 quae
508 1295 565 1357 aut
596 1288 718 1358 omissa
751 1294 829 1356 sunt
853 1296 913 1356 aut
943 1307 1060 1372 parum
1092 1292 1297 1371 pertractata
1319 1287 1399 1354 mihi

220 1373 472 1490 dd'e'niirgtpse
483 1396 659 1470 tractanda
672 1399 857 1485 suscipiam,
876 1401 924 1467 sic
936 1421 1003 1468 rem
1020 1419 1128 1484 agam,
1145 1406 1182 1467 ut
1194 1406 1228 1467 et
1243 1408 1395 1467 naturam

222 1509 413 1577 scholiorum
438 1507 688 1598 cognosceresset
706 1527 824 1592 corpus
848 1507 1030 1576 orationum
1047 1506 1282 1591 Tullianarum,
1312 1507 1400 1590 quod

217 1622 499 1712 commntantur,
533 1619 631 1698 quale
662 1613 763 1682 fuerit
796 1615 963 1698 explicare
987 1614 1102 1702 {conen
1148 1613 1260 1697 Ipsam
1291 1621 1399 1682 autem

220 1723 484 1792 dissertationem
508 1725 557 1790 sic
579 1722 764 1806 instituam,
788 1729 827 1789 ut

216 1919 219 1928 .
307 1833 542 1914 praemisso
566 1830 719 1898 breviore
744 1829 897 1913 capite,
922 1847 995 1913 qno,
1020 1827 1097 1911 quid
1121 1830 1217 1896 nobis
1233 1835 1399 1898 servatum

218 1936 262 2004 sit
285 1955 327 2002 ex
350 1937 583 2005 commentario
606 1937 776 2015 Bobiensi‚
801 1935 1001 2022 ostendam!

308 2044 445 2112 altero
469 2064 635 2130 quaeram,
660 2062 723 2126 quo
747 2041 863 2109 ordine
887 2041 1066 2124 dispositae
1091 2042 1158 2110 sint
1173 2041 1339 2109 orationes
1362 2041 1397 2110 in

215 2151 350 2248 scholiis
374 2157 551 2236 tractatae,

309 2259 452 2345 tertio,
477 2260 594 2343 quibus
617 2257 820 2342 temporibus
845 2255 1043 2339 compositus
1066 2255 1110 2323 sit
1138 2255 1395 2324 commentarius.

218 2402 433 2412 ———--..——-.

292 2469 325 2540 1⁸)
343 2486 510 2540 programma
529 2470 661 2543 gymnasii
677 2469 826 2523 Vitnthum.
847 2471 925 2528 1884.

291 2559 325 2628 ²⁴)
344 2559 386 2615 De
409 2557 515 2614 scholiis
537 2558 724 2614 Bobiensibns:
750 2558 812 2613 diss.
836 2561 922 2628 inaug.
942 2556 1014 2627 Iips.
1034 2557 1177 2626 (troaden)
1203 2558 1282 2616 1892.
1318 2557 1394 2614 Inest

219 2647 299 2704 etiam
319 2650 348 2702 in
365 2651 560 2718 programmate
578 2648 712 2718 gymnasii
730 2647 943 2704 Vitnthumensis
962 2645 1025 2701 anni
1042 2645 1246 2702 Moccexcss.
