3230 5254
695 449 760 542 -.⁵3
779 539 806 542 ,,

139 661 200 721 quo
240 648 378 722 tropum,
420 639 568 722 figuram,
610 658 715 722 genus
748 639 936 721 argumenti
974 640 1154 722 significan
1197 639 1316 707 deinde

139 748 292 829 explicat,
325 767 388 828 quo
421 746 557 812 oonsilio
587 746 701 813 Cicero
744 749 848 814 verba
879 747 1044 812 lemmatis
1075 747 1251 829 protulerit
1281 757 1315 814 et

138 875 196 921 cur
220 855 253 920 in
278 854 328 920 his
345 854 534 934 eloquentia
558 853 698 919 oratoris
716 854 854 920 eluceat.
884 849 1024 936 Saepius
1041 854 1156 921 utiam
1174 855 1315 922 vidimus

136 962 223 1026 inter
246 961 475 1028 adnotationes
499 960 599 1025 etiam
623 960 858 1041 grammaticae
887 959 1109 1042 inveniuntur,
1134 960 1182 1026 ito
1205 968 1314 1026 tamen

135 1069 259 1150 illatae,
295 1076 332 1134 ut
364 1067 495 1133 omnino
531 1069 571 1133 ad
607 1077 711 1132 artem
742 1067 938 1134 rhetoricam
962 1067 1158 1134 referantur.
1206 1071 1314 1148 Atque

138 1183 231 1256 patet
277 1175 385 1254 etiam,
434 1174 510 1254 quid
556 1174 736 1239 scholiasta
780 1174 923 1240 voluerit
968 1175 1027 1240 tali
1073 1175 1315 1241 commentandi

139 1283 265 1350 rationo
290 1282 386 1364 plane
411 1280 578 1345 rhetorica
603 1298 644 1343 ex
667 1279 831 1346 nonnullis
857 1280 925 1345 eins
949 1280 1091 1362 scholiis,
1116 1290 1170 1345 ut:

227 1389 338 1470 alapa
365 1389 518 1453 Notemns
535 1389 633 1470 ipitar
656 1390 811 1470 quasdam
835 1389 1072 1454 criminationes
1086 1409 1150 1453 non
1168 1391 1314 1472 pnpnaci

138 1497 419 1578 arqnmcntationa
444 1495 500 1559 sed
525 1495 621 1560 etiam
643 1496 760 1576 festino
783 1495 966 1559 urbanitate
989 1495 1129 1560 dissolvi.

228 1602 338 1680 ‘caup
366 1602 565 1682 Aptissnmis
586 1602 688 1666 ambis
711 1607 740 1665 et
762 1603 1013 1683 manicantibus,
1038 1605 1188 1684 qnoniam
1213 1624 1313 1682 „nam

137 1710 301 1791 Ῐνιιφιιιιιιιι
328 1710 464 1784 diacrat,
491 1707 659 1772 custodiuit
680 1709 891 1788 sequentiam
929 1707 1010 1788 qood
1033 1711 1140 1788 ipsam
1163 1709 1253 1774 nohis
1275 1711 1311 1773 in

140 1821 245 1887 omnm
268 1821 456 1906 ἀλληγορικὰ
478 1817 670 1882 seruandam
694 1823 747 1882 ost.
1303 1903 1309 1912 .

230 1923 307 1989 Vult
322 1924 434 2004 igitur,
460 1923 544 2004 dum,
571 1923 626 2002 qni
643 1923 910 1989 commentarium
927 1924 1051 2005 legunt,
1069 1924 1109 1988 de
1126 1924 1312 2004 eloquentia

137 2030 354 2097 Ciceroniana
377 2031 503 2113 edocet,
529 2031 602 2095 dum
626 2030 675 2095 eis
698 2029 892 2096 imitandum
916 2033 958 2097 M.
983 2031 1125 2096 'l’ullium
1149 2031 1309 2113 proponit,

136 2139 267 2203 eosdem
297 2140 331 2204 in
356 2138 568 2204 conficiendis
599 2137 801 2204 orationihus
835 2138 1002 2203 adiuvare.
1049 2139 1130 2203 Eam
1156 2138 1241 2204 enim
1270 2140 1310 2205 ob

135 2265 203 2311 rem
235 2241 355 2311 iterum
380 2253 480 2326 atque
503 2247 620 2312 iterum
646 2245 813 2312 Ciceronis
841 2248 918 2325 vim,
951 2247 1084 2326 copiam,
1109 2244 1306 2328 elegantiam

135 2356 170 2416 in
194 2351 329 2418 dicendo
346 2354 478 2419 summis
494 2353 646 2418 laudibus
662 2349 756 2418 effert
771 2361 870 2432 atque
886 2352 936 2417 his
956 2355 1056 2418 rebus
1071 2352 1310 2435 investigandis

138 2460 463 2540 demonstrandisqne
487 2478 617 2541 operam
649 2478 746 2538 quom
785 2459 959 2523 maximam
995 2458 1213 2524 adhibendam
1237 2477 1310 2524 esse

136 2565 207 2646 ipse
231 2573 388 2633 testatur:

164 2667 166 2672 ’
225 2671 323 2753 233‚1‚
347 2674 473 2752 Veram,
499 2675 581 2756 qaod
603 2674 654 2739 hic
676 2675 781 2756 mapis
805 2673 1120 2738 animaduertendam
1133 2675 1309 2755 potaron·

133 2782 308 2848 sideremns
331 2785 472 2847 omniam
495 2784 608 2847 horam
632 2785 773 2861 capitam
796 2783 954 2846 transitos
977 2783 1113 2846 oratorie
1134 2782 1248 2861 factos.

223 2887 336 2966 26qu
369 2889 483 2954 Veram
510 2895 616 2970 specto
639 2889 826 2974 dilipentins
857 2908 979 2952 omnem
1006 2893 1181 2952 contentam
1210 2889 1306 2952 haias

133 3044 191 3060 ...
216 3001 252 3058 at
274 2996 439 3076 intellcpos
463 2999 601 3060 oratorio
624 3017 709 3060 more
732 2997 866 3075 speciem
888 2996 1126 3077 qnondam...

221 3097 334 3177 285,st
359 3100 448 3164 Haec
463 3102 622 3180 explorato
640 3122 702 3182 per
725 3108 823 3167 tatnm
847 3122 974 3167 cursam
997 3104 1198 3167 narrationis
1212 3104 1307 3168 inias

131 3216 160 3272 at
182 3208 280 3272 multo
305 3206 404 3270 altius
427 3207 552 3272 adiecta
575 3209 762 3289 capitatione
780 3263 786 3275 .
804 3258 835 3272 ..

219 3313 331 3395 363ar.
354 3312 659 3378 Animadvertamus
682 3320 797 3391 tamen,
823 3318 951 3396 quantis
977 3316 1096 3379 acoleis
1117 3318 1301 3395 asperitatis

131 3424 279 3488 talionem
303 3420 352 3484 M.
382 3420 507 3485 Tullios
528 3422 648 3503 referat
670 3421 720 3487 hic
736 3422 917 3504 ¹¹Torquato.

219 3525 332 3607 365,20‚
365 3527 480 3591 Veram
496 3529 577 3592 mihi
599 3528 697 3594 oltins
720 3530 935 3593 consideranti
955 3528 1040 3595 hanc
1055 3550 1184 3606 omnem,
1209 3547 1304 3611 qaam

131 3635 274 3700 localiter
297 3634 405 3699 intnlit
424 3686 430 3698 .
448 3685 455 3699 .
473 3682 492 3716 .,
516 3636 655 3698 occurrit
676 3635 837 3699 vehemms
860 3641 889 3698 ct
912 3635 956 3699 od
978 3657 1108 3701 cansam
1132 3635 1170 3700 P.
1195 3635 1304 3702 Sullae

131 3741 301 3805 salubriter
319 3742 484 3821 pertinens
506 3742 620 3806 dirtos.

219 3847 346 3912 Eadem
376 3847 416 3910 de
449 3863 550 3910 causa
580 3845 711 3928 saepius
741 3845 904 3928 interpres
929 3847 1117 3915 Ciceronem
1141 3849 1302 3916 defendit.

132 3949 273 4032 Etenim,
297 3971 368 4018 cum
385 3951 496 4017 multis
520 3952 687 4019 videretur
709 3952 744 4018 in
761 3953 914 4020 Sestiana
931 3955 971 4020 de
990 3973 1025 4020 se
1041 3955 1182 4036 plurima
1206 3963 1302 4022 extra

132 4074 264 4122 causam
277 4060 452 4137 addidisse,
466 4059 1106 4148 inargumento(292,21)1taqoc,inquit,
1127 4064 1253 4129 Tullios
1265 4087 1303 4130 ea

123 4167 296 4246 peroravit,
313 4168 470 4249 quaesibi
485 4169 618 4250 famant
633 4171 835 4249 adplicando:
860 4191 924 4248 nec,
942 4176 978 4234 nt
988 4172 1132 4251 plerique
1147 4173 1298 4236 arbitrati

126 4276 211 4348 sant,
245 4278 335 4337 entra
370 4295 502 4339 cansam
536 4281 670 4356 capatus
706 4283 766 4342 cst:
806 4279 949 4358 quamvis
986 4281 1070 4342 enim
1099 4279 1238 4342 sciamus
1270 4283 1301 4346 ἐν

126 4381 309 4469 παρεκβάσει
331 4381 431 4443 malta
457 4377 639 4443 Ciceronem
662 4382 709 4446 cel
732 4385 853 4448 iratam
875 4385 923 4448 ael
946 4383 1099 4447 dolentem
1124 4383 1162 4447 de
1171 4387 1300 4464 passio-

125 4485 220 4550 m'lms
242 4488 312 4550 sois
334 4485 422 4549 oltra
439 4506 553 4566 poene,
579 4505 673 4567 qnam
695 4508 747 4552 res
764 4495 916 4570 pasceret,
941 4509 1137 4572 coapperarc
1159 4490 1298 4567 solitam,
