3230 5254
803 426 824 492 8

229 627 315 704 suut,
339 641 381 688 ue
397 621 431 687 id
448 621 577 702 quidem
602 621 748 688 scholion
764 620 1083 689 Pseudo-Ascanium
1101 619 1258 690 Bobiensi
1278 621 1401 688 debere

229 727 293 795 dici
328 735 446 811 potest,
486 729 545 794 sed
582 727 792 794 verisimilius
830 729 960 796 videtur
994 737 1167 810 utrumque
1206 747 1248 794 ex
1283 729 1401 794 codem

228 833 460 902 commentario
485 836 715 918 desumpsisse.
762 837 880 916 Itaque
905 855 1098 922 quamquam
1128 835 1163 902 in
1194 835 1400 918 perlegendis

228 941 363 1008 scholiis
397 941 450 1008 hic
484 941 553 1008 illic
582 941 726 1026 vestigia
761 942 859 1009 etiam
894 942 1028 1025 generis
1063 943 1194 1009 dicendi
1227 941 1401 1009 Bobiensis

228 1049 477 1131 deprehendere
500 1049 579 1114 mihi
601 1047 771 1136 uideor¹⁰)‚
795 1059 905 1115 tamen
936 1068 977 1115 ue
1001 1051 1041 1116 de
1064 1050 1130 1117 illis
1159 1049 1288 1131 quidem
1319 1047 1401 1116 certi

229 1155 402 1237 quicquam
426 1155 592 1223 affirmare
616 1155 731 1224 ausim.

316 1263 569 1330 Demonstrasse
602 1263 705 1346 igitur
750 1248 815 1330 me¹
835 1263 987 1330 existimo
1021 1281 1086 1330 uon
1118 1269 1281 1346 quattuor,
1321 1281 1401 1343 quos
1451 1344 1454 1348 ⁵

229 1369 400 1453 Stauglius
424 1369 584 1443 distinxit,
615 1371 674 1436 sed
711 1372 856 1452 quinque
891 1370 1088 1438 scholiastae
1121 1371 1155 1436 iu
1179 1369 1401 1438 Gronoviauis
1449 1375 1458 1392 ¹

229 1475 360 1544 scholiis
377 1476 567 1544 coniunctus
583 1496 666 1544 esse.
714 1478 748 1544 Is
771 1477 865 1556 enim,
889 1496 985 1560 quem
1002 1481 1031 1545 Α
1047 1477 1205 1556 nominat,
1231 1495 1249 1542 e
1273 1477 1402 1544 duabus

229 1583 379 1667 partibus
409 1589 549 1666 constat,
580 1603 716 1665 quarum
751 1587 858 1652 altere
892 1585 1018 1651 scholia
1044 1585 1224 1651 Bobiensis
1247 1593 1402 1666 excerpta

229 1690 386 1774 continet,
423 1693 532 1758 altera
558 1691 791 1758 adnotationes
825 1692 1017 1776 interpretis
1052 1690 1245 1759 recentioris
1279 1690 1401 1758 aetatis

229 1797 465 1880 complectitur.
511 1800 607 1866 Aliae
631 1817 710 1868 vero
736 1799 908 1866 Bobiensis
938 1800 1095 1880 reliquiae
1118 1800 1212 1866 nohis
1248 1805 1403 1865 servatae

229 1925 301 1973 esse
323 1925 388 1972 nou
412 1905 577 1974 videntur.
1377 1925 1380 1930 ’

227 2051 441 2059 ——ffl

301 2119 335 2186 ¹⁰)
354 2119 428 2174 Duos
447 2119 517 2172 locos
530 2118 633 2178 afferre}
648 2119 738 2174 liceat:
759 2120 834 2183 luae
847 2120 880 2173 ad
892 2120 950 2173 Act.
965 2119 992 2172 11
1011 2119 1055 2173 lib.
1075 2119 1117 2188 Ιξ
1137 2121 1179 2184 70,
1199 2135 1250 2188 quo
1262 2118 1291 2170 in
1303 2117 1404 2172 scholio

227 2208 455 2263 Pseudo-Asconii
474 2209 563 2262 verbis
582 2209 760 2263 certissimum
780 2210 809 2262 iit
828 2225 889 2263 eum
908 2207 1086 2278 compluribus
1110 2207 1304 2262 commentariis
1323 2223 1401 2260 usum

229 2305 296 2352 esse.
317 2297 420 2352 Etenim
439 2315 499 2351 oum
510 2302 589 2352 antea
601 2299 633 2352 de
648 2299 757 2352 Adriani
774 2314 840 2353 nece
853 2298 974 2360 dixisset,
993 2298 1078 2351 addit:
1099 2300 1149 2348 Sed
1157 2307 1291 2364 opportune
1307 2299 1404 2348 Tullius

228 2405 328 2438 comam
356 2397 420 2438 tacet
444 2390 528 2440 illatae
550 2393 617 2439 meeis
642 2391 671 2438 in
689 2390 802 2439 Adriano
832 2397 856 2439 et
880 2390 986 2438 inultam
1004 2397 1104 2438 nrortem
1127 2392 1179 2438 eius
1197 2390 1318 2438 ostendit:
1331 2404 1404 2454 quem

228 2480 289 2528 dicit
314 2481 422 2529 oratorie
449 2495 499 2528 non
526 2480 554 2527 in
576 2481 688 2544 hospitio,
712 2479 756 2528 sed
779 2479 844 2528 donzi
866 2493 926 2528 suae
948 2481 1033 2528 vivum
1055 2486 1191 2528 crematum
1214 2485 1238 2526 et
1264 2478 1337 2538 „ille”
1365 2478 1403 2526 sic

227 2568 301 2631 aierit,
329 2575 360 2616 ut
386 2569 415 2617 de
433 2569 559 2618 acerrimo
577 2569 707 2616 videretur
725 2567 796 2633 loqui.
834 2565 908 2619 Haec
927 2564 1046 2633 exceptis
1064 2563 1165 2618 ultimis
1184 2564 1270 2618 verbis
1289 2564 1349 2618 iude
1368 2564 1404 2618 ab

228 2663 253 2704 et
269 2668 353 2722 genus
372 2655 476 2710 dicendi
493 2657 626 2726 verbaque
654 2657 712 2725 ipsa
729 2657 868 2710 Bobiensis
887 2657 1001 2724 sapiunt,
1020 2665 1160 2724 opportune,
1179 2661 1294 2721 oratorie,
1319 2657 1402 2710 totius

228 2743 357 2797 enuntiati
370 2747 517 2800 structurae
532 2746 692 2816 rationisque
706 2747 895 2814 interpretandi
910 2746 1039 2800 rhetorice
1053 2745 1255 2800 innumerabilia
1266 2746 1402 2815 {exempla

227 2832 399 2886 inveniuntur
417 2836 486 2902 apud
500 2835 667 2890 Bobiensem.
705 2836 848 2890 Praeterea
861 2835 1058 2889 evidentissime
1070 2835 1113 2888 hic
1126 2836 1299 2890 demonstrari
1313 2838 1403 2904 potest

211 2921 279 2974 'hoc
298 2922 462 2976 enuntiatum
479 2940 513 2976 ex
532 2923 590 2988 alio,
610 2927 717 2994 atquee
738 2940 789 2993 quo
808 2926 896 2978 cetera
909 2923 1004 2989 hausit
1024 2924 1211 2977 commentario
1230 2925 1401 2993 desumptum

228 3025 295 3064 esse.
332 3010 427 3080 Neque
441 3011 510 3066 enim
530 3012 556 3066 iu
576 3013 676 3066 eisdem
697 3013 783 3066 verbis
795 3013 865 3066 idem
878 3011 956 3065 homo
977 3012 1011 3082 ‚in
1024 3012 1163 3081 praetorio‘
1183 3017 1210 3066 et
1228 3013 1264 3080 ,in
1277 3013 1400 3081 hospitio‘

228 3100 317 3152 ustum
337 3115 396 3152 esse
410 3100 555 3153 Adrianum
573 3101 672 3154 dixisse
681 3104 776 3172 potest.
818 3103 934 3152 oratorie
945 3103 1035 3155 autem
1048 3102 1229 3156 tantummodo
1245 3102 1398 3156 Ciceronem

228 3188 326 3244 dixisse
336 3205 383 3256 pro
401 3188 433 3242 in
452 3189 610 3258 hospitio:
630 3190 716 3244 domi
735 3206 812 3244 suae
831 3189 971 3244 scholiasta
979 3180 1094 3244 adnotat.
1115 3191 1401 3247 extremaverbavero

228 3277 262 3348 ab
282 3277 333 3331 alio
353 3278 440 3332 addita
459 3293 518 3332 esse
538 3277 596 3347 quis
614 3294 667 3331 non
687 3278 781 3334 videt?

298 3365 373 3422 Alter
395 3365 469 3420 loeus
488 3369 563 3420 extat
585 3366 612 3420 in
632 3365 737 3420 scholiis
756 3353 937 3419 dunhrosianis
955 3368 996 3421 ad.
1021 3383 1059 3421 or.
1083 3383 1131 3436 pro
1149 3367 1273 3422 Marcello
1291 3368 1398 3423 habitae

227 3469 283 3522 cap.
293 3455 333 3507 VI
351 3471 410 3524 pag.
424 3455 512 3524 etque
531 3458 568 3506 Et
585 3458 640 3506 aide
665 3473 714 3522 qua
732 3458 895 3506 moderatione
914 3459 1087 3520 temperaverit
1104 3459 1207 3525 culpam,
1226 3468 1257 3508 ut
1273 3459 1359 3525 siquid
1373 3474 1399 3508 e-

227 3549 288 3594 tiam
316 3546 400 3595 delicti
421 3548 516 3612 habuit,
544 3563 593 3596 non
615 3547 724 3596 malitiae
743 3547 837 3611 suerit,
865 3547 910 3596 sed
929 3548 1032 3598 erroris.
1075 3544 1213 3601 Simillima
1241 3547 1306 3600 haec
1333 3550 1398 3600 sunt

226 3632 365 3686 Bobiensis
388 3633 474 3686 verbis
500 3635 599 3702 etheo:
638 3637 819 3696 Animadverte,
843 3653 890 3702 quo
908 3637 1037 3686 modestiae
1061 3645 1247 3702 temperamento
1265 3638 1326 3687 hoec
1342 3653 1397 3687 exe·

226 3732 334 3790 quatur,
357 3731 388 3772 ut
409 3725 476 3774 mikil
495 3726 669 3790 impudentiae,
692 3725 799 3774 multum
821 3725 949 3790 religionis
972 3727 1060 3776 habeat
1082 3729 1170 3777 aratia
1212 3723 1308 3792 Neque
1330 3724 1400 3778 iales

226 3810 355 3864 formulae
373 3812 443 3880 apud
463 3815 564 3866 ceteros
583 3811 716 3866 Ciceronis
735 3812 888 3866 scholiastes
907 3813 1087 3868 inveniuntur.
1107 3844 1139 3854 -
