3230 5254
840 367 883 436 40

273 565 372 650 plane
416 567 529 632 eadem
568 565 698 632 ratione
737 572 896 652 excerpta
935 585 1006 633 esse
1045 566 1169 632 scholia
1207 567 1241 632 in
1279 567 1456 633 Archiana

275 691 516 756 cognoscemus.
562 672 697 740 Initium
722 673 812 757 capit
835 673 1014 741 scholiasta
1038 673 1183 758 acapite
1199 673 1248 756 Il;
1272 674 1306 740 in
1323 674 1375 742 Ill
1390 693 1456 740 un·

274 779 379 845 decim
406 779 561 848 lemmata
590 780 748 865 explicat,
789 779 823 846 in
855 781 903 846 IV
936 799 1050 860 unum,
1084 780 1118 846 in
1147 781 1177 845 V
1209 787 1382 864 quattuor,
1413 781 1457 846 in

274 886 324 953 VI
355 905 474 969 unum,
510 888 633 954 nullum
665 891 699 954 in
723 888 808 971 VII,
839 888 970 971 singula
997 887 1031 954 in
1061 888 1147 956 VIII
1176 903 1209 954 ot
1243 889 1304 972 IX,
1333 895 1456 955 contra

275 991 417 1074 quinque
449 994 483 1059 in
506 995 556 1077 X,
593 997 656 1062 duo
690 995 725 1062 in
755 996 820 1078 XI,
857 1013 956 1062 unum
990 995 1025 1062 in
1049 995 1129 1062 XII.
1188 995 1227 1060 In
1262 995 1313 1064 his
1346 995 1459 1078 igitur

278 1101 481 1168 orationibus
505 1101 701 1168 scholiorum
723 1121 876 1186 magnam
891 1111 1019 1186 partem
1036 1103 1189 1168 omissam
1205 1120 1278 1168 esse
1295 1101 1455 1170 manifes-

273 1214 342 1277 tum
366 1217 433 1290 est3
457 1208 658 1290 reliquarum
681 1209 746 1276 etsi
769 1209 875 1276 minus
899 1219 1051 1294 apertam
1074 1216 1184 1277 tamen
1212 1210 1350 1278 eandem
1374 1229 1455 1276 esse

273 1314 495 1382 condicionem
520 1315 618 1382 facile
646 1316 805 1385 invenias,

362 1457 501 1525 Accedit
534 1469 571 1524 ut
605 1461 639 1524 in
676 1459 807 1525 scholiis
840 1459 918 1542 ipsis
952 1459 1056 1525 verba
1091 1459 1211 1525 omissa
1245 1460 1300 1526 vel
1323 1464 1453 1526 mutata

274 1563 350 1630 sint.
376 1565 566 1631 Certissima
584 1566 678 1631 huius
689 1563 740 1631 rei
763 1573 958 1650 argumenta
983 1585 1117 1650 ponam:
1142 1565 1222 1631 Cum
1240 1565 1358 1646 ubique
1375 1583 1451 1632 con·

275 1673 415 1738 suetudo
444 1672 644 1738 scholiastae
668 1681 820 1740 occurrat
843 1673 970 1756 graecis
993 1674 1105 1739 verbis
1125 1673 1293 1738 rhetorica
1314 1673 1449 1738 adnota-

275 1798 320 1861 re,
344 1779 428 1845 hanc
453 1779 487 1844 in
510 1780 558 1846 eis
583 1780 794 1859 orationibus,
821 1799 905 1861 quae
922 1786 997 1846 sunt
1013 1780 1047 1845 in
1064 1780 1210 1846 Clodium
1228 1791 1262 1846 et
1278 1781 1446 1847 Curionem

275 1891 309 1951 et
337 1887 377 1951 de
405 1905 484 1968 rege
508 1887 736 1953 Alexandrino
768 1887 911 1970 habitae,
944 1905 1090 1972 perraro,
1123 1888 1155 1952 in
1180 1888 1349 1952 Archiana
1371 1905 1440 1952 vero

275 2010 433 2074 nusquam
464 1994 660 2073 invenimus.
708 1995 821 2060 Verba
843 1993 946 2076 igitur
969 2013 1090 2078 graeca
1115 2013 1180 2060 non
1203 1997 1245 2060 ab
1269 1993 1438 2078 interprete

274 2099 356 2184 ipso,
386 2101 445 2166 sed
475 2102 517 2165 ab
550 2121 586 2168 eo
623 2112 762 2184 tantum,
800 2101 856 2182 qui
890 2100 925 2167 in
960 2120 1033 2166 eam
1067 2100 1205 2167 formam
1242 2120 1336 2183 quam
1362 2110 1445 2167 tene

223 2193 224 2198 ¹
274 2225 366 2287 mus,
413 2208 536 2274 scholia
578 2210 707 2292 redegit
749 2207 869 2274 omissa
911 2226 982 2274 esse
1017 2216 1116 2293 patet.
1174 2209 1304 2275 Mutata
1339 2217 1448 2274 autem

275 2313 400 2380 scholia
428 2333 500 2382 esse
528 2315 749 2381 firmissimum
780 2323 830 2382 est
870 2324 1097 2398 argumentum
1123 2335 1225 2399 genus
1255 2314 1386 2382 dicendi
1414 2313 1450 2379 in

277 2419 469 2502 quibusdam
504 2423 552 2488 ita
593 2424 634 2488 ab
671 2425 794 2489 usitato
831 2423 1007 2504 diversum,
1045 2431 1081 2490 ut
1105 2425 1147 2488 ab
1172 2425 1286 2489 eodem
1310 2422 1448 2496 homine,

276 2527 331 2609 qui
369 2537 480 2594 cetera
519 2530 714 2616 conscripsit
752 2531 810 2596 illa
850 2529 1009 2610 originem
1050 2531 1170 2596 ducere
1210 2549 1275 2596 non
1310 2527 1449 2614 possint.

274 2637 438 2716 Equibus
451 2656 549 2704 unum
565 2639 671 2705 locum
694 2639 759 2702 iam
770 2636 1262 2720 GaumitziusSchillingiusque
1283 2642 1451 2704 tractave-

275 2752 362 2809 runt.
397 2746 520 2811 Tamen
545 2765 616 2810 oum
641 2747 683 2810 ab
700 2744 765 2810 illis
782 2745 974 2811 dissentiam
991 2764 1063 2811 eum
1079 2744 1247 2828 integrum
1263 2742 1451 2810 adscribam

275 2849 388 2916 addita
423 2851 524 2917 etiam
560 2853 745 2934 argumenti
769 2860 941 2936 copario,
976 2871 1039 2933 qua
1063 2852 1200 2918 eandem
1225 2851 1450 2917 narrationem

276 2958 454 3024 scholiasta
493 2961 641 3041 praebet,
678 2965 715 3025 ut
756 2963 872 3042 magis,
909 2965 1067 3040 durantum
1103 2958 1190 3024 inter
1226 2978 1261 3025 se
1297 2957 1451 3024 differant

205 3079 206 3086 ¹
277 3065 563 3149 generedicendi,
589 3074 758 3148 appareat.

321 3241 394 3326 329,
402 3277 437 3320 23.
488 3245 576 3310 Nara
610 3249 698 3311 uisus
721 3252 766 3312 est
800 3249 836 3312 iu
935 3241 1048 3326 336,22.
1098 3244 1132 3312 O.
1170 3244 1320 3310 Caesaris
1342 3243 1451 3326 pauti-

275 3352 834 3434 auuoeouttucisuuuiutd.uaac-
888 3354 961 3432 licis
998 3355 1133 3417 uuairui
1166 3353 1330 3434 praetoris
1365 3351 1452 3416 dorni

275 3462 323 3524 ris
346 3460 544 3541 eiusdemque
570 3463 728 3540 praetoris
751 3464 834 3526 iuce-
889 3462 1086 3542 sacrificium
1107 3460 1256 3524 solleruue
1273 3479 1337 3539 pro
1347 3478 1453 3538 popu-

275 3572 360 3630 sturu
383 3567 496 3648 fecisse
512 3569 570 3650 (so.
590 3567 735 3653 Clodius)
764 3589 835 3632 curu
890 3567 919 3632 lo
942 3568 1044 3649 tiebat.
1090 3565 1165 3631 Huc
1187 3568 1238 3630 oir
1253 3571 1369 3630 oruata
1383 3585 1452 3628 ruu-

276 3676 450 3739 eiusuaore
467 3673 622 3756 Pompeia
638 3697 671 3740 eo
688 3681 832 3759 ternpore,
890 3675 982 3738 liebri
1018 3674 1102 3756 quod
1131 3674 1314 3750 iutroierat,
1350 3673 1451 3736 sacri·

276 3801 335 3862 quo
364 3802 425 3862 per
462 3781 601 3846 Vestales
633 3784 773 3866 airyiues
807 3787 836 3846 et
888 3782 998 3860 tiuare
1030 3783 1247 3846 instauratum
1278 3783 1333 3844 est.
1386 3777 1453 3843 Res

274 3889 834 3968 raatrouaslcouestissirucsleoperto
890 3889 934 3953 od
953 3893 1097 3953 seucturu
1114 3887 1222 3951 delata
1237 3891 1291 3950 est.
1334 3885 1452 3951 Patres

275 3994 389 4059 Bouae
412 3994 502 4062 Deae
531 3997 728 4077 sacrificium
756 3997 835 4060 ciris
890 3995 1063 4074 conscripti
1079 3993 1290 4074 deereveruut,
1307 3997 1343 4057 ut
1359 3993 1397 4057 ale
1413 4013 1453 4056 ea

275 4103 420 4170 omuibus
429 4105 625 4169 iuaceessuru
634 4105 738 4185 uetat.
771 4102 834 4168 Uu-
887 4123 922 4165 re
945 4123 1008 4166 uou
1032 4101 1126 4166 aliter
1150 4118 1246 4181 quau
1269 4099 1307 4164 de
1329 4102 1454 4164 incestu

276 4211 314 4274 cle
331 4213 436 4297 elapso
453 4219 560 4277 taurea
580 4211 699 4292 Clodio,
717 4229 837 4294 magua
891 4214 1104 4290 quaereretur.
1152 4206 1203 4272 Eo
1226 4209 1358 4271 eriruiue
1378 4225 1454 4270 reus

276 4323 403 4388 inuidia
428 4322 610 4401 percrebuit
642 4325 671 4382 et
694 4319 836 4400 iufamia
888 4317 996 4399 factus
1019 4320 1064 4381 est
1089 4315 1128 4380 P.
1155 4313 1202 4380 (ll.
1229 4313 1374 4394 Pulcher,
1401 4313 1452 4377 de-

275 4430 550 4509 caerimoniarum,
574 4432 610 4492 ut
633 4433 762 4491 sauctus
785 4427 835 4490 de-
890 4425 987 4489 latore
1015 4423 1054 4488 L.
1080 4421 1229 4504 Lentule,
1261 4421 1315 4502 qui
1345 4421 1454 4485 ceasal
