3230 5254
895 361 937 428 22

419 557 587 624 Absolutis
612 555 725 638 igitur,
752 557 899 638 quaeda
924 556 976 622 his
1000 557 1154 638 partibus
1178 555 1244 622 dici
1279 561 1432 640 possunt,
1473 554 1515 620 ad

329 662 418 729 aliud
442 681 559 746 corpus
583 663 742 742 venimus
780 664 821 730 de
846 683 908 744 quo
944 663 1032 747 apud
1067 669 1222 729 auctores
1256 661 1337 730 nihil
1372 664 1515 730 omniuo

329 769 560 853 comperimus:
586 769 673 851 quod
696 776 806 836 tamen
823 777 979 852 pervetus
996 788 1068 838 esse
1084 770 1391 838 demonstrabimus.
1430 768 1514 852 Agi·

253 931 255 936 ,
330 883 384 942 tur
400 876 486 944 enim
502 879 543 943 de
567 877 769 952 orationibus
793 895 953 944 annorum
977 873 1213 959 697.8.i57.56,
1239 878 1279 942 de
1304 877 1427 958 quibus
1447 873 1514 959 pri·

329 1002 401 1049 mus
425 984 586 1052 londanus
616 984 697 1070 (ind.
722 984 801 1050 lect.
824 983 1032 1067 Regiomont.
1059 983 1145 1052 1886
1170 1003 1199 1065 p.
1231 983 1274 1070 1.)
1303 1002 1416 1067 pauca
1448 982 1514 1049 dis-

330 1089 471 1174 putavit.
517 1091 603 1168 Nam¹
623 1091 684 1156 has
708 1089 877 1157 orationes
908 1101 942 1158 et
965 1090 999 1156 in
1022 1089 1172 1158 Parisino
1197 1088 1284 1157 7794
1308 1089 1401 1158 etin
1427 1093 1512 1159 Bru·

330 1197 469 1264 xellensi
492 1195 579 1264 5345
614 1200 744 1264 ratione
781 1197 938 1282 temporis
972 1196 1090 1264 habita
1126 1196 1302 1279 dispositas
1337 1215 1413 1264 esse
1452 1197 1510 1264 ait.

329 1305 434 1371 Addit
457 1312 566 1371 autem
590 1307 673 1371 duas
696 1324 739 1370 ex
762 1307 821 1384 eis,
847 1323 931 1386 quae
956 1304 1021 1371 illis
1047 1303 1143 1370 anuis
1158 1305 1294 1371 habitae
1308 1304 1385 1389 sint,
1412 1303 1509 1371 nobis

330 1417 462 1492 ereptas
486 1430 575 1478 esse:
600 1412 749 1494 alteram,
775 1430 871 1492 quam
895 1411 929 1477 in
953 1412 1095 1494 epistula
1118 1412 1161 1478 ad
1185 1411 1342 1496 Quintum
1364 1410 1509 1478 fratrem

330 1517 430 1584 missa
453 1518 510 1604 (ll,
535 1518 610 1605 Bp.)
635 1518 746 1586 Cicero
772 1529 1044 1600 commemmorat,
1081 1537 1145 1599 qua
1169 1519 1318 1586 Bestiam
1342 1517 1505 1600 defendit,

330 1624 479 1706 alteram,
504 1644 569 1707 qua
593 1627 634 1692 de
657 1645 736 1709 rege
760 1625 984 1693 Alexandrino
1008 1625 1166 1707 exposuit,
1192 1610 1291 1693 'cuius
1315 1624 1504 1708 fragmenta

329 1730 365 1796 in
387 1731 519 1798 scholiis
535 1732 751 1800 Bobiensibus
775 1734 868 1802 nobis
891 1739 1025 1800 servata
1052 1741 1138 1800 sunt.
1179 1734 1288 1814 Atque
1313 1733 1354 1798 de
1370 1734 1501 1800 Bestiae
1563 1764 1564 1810 ι

331 1837 520 1905 defensione
543 1839 723 1922 probabilis
739 1838 848 1922 opinio
872 1846 933 1925 est,
958 1859 1054 1921 quam
1071 1841 1230 1908 Iordauus
1254 1839 1405 1921 protulit:
1428 1859 1496 1904 ora·

331 1944 452 2012 nonem
476 1946 618 2013 aTnllio
641 1966 707 2012 non
730 1949 922 2031 evulgatam
939 1965 1021 2014 esse.
1061 1947 1174 2028 Neque
1202 1945 1286 2013 enim
1304 1945 1490 2027 ullunirag·

332 2061 476 2119 mentum
500 2054 541 2118 ab
567 2052 639 2119 aliis
664 2052 852 2120 auctoribus
876 2060 1046 2121 servatum
1072 2063 1132 2137 est,
1163 2072 1268 2134 neque
1303 2053 1336 2120 in
1373 2051 1491 2134 scriptis

333 2156 499 2226 Ciceronis
522 2158 603 2240 ipsis
627 2167 766 2242 excepta
788 2159 848 2225 illa
872 2159 1012 2241 epistula
1037 2162 1141 2226 verba
1166 2161 1208 2226 de
1232 2160 1382 2227 oratione
1410 2159 1496 2224 fiunt.

331 2266 376 2332 nt
399 2285 470 2334 cum
488 2286 606 2333 causae
622 2267 734 2351 plures
751 2285 825 2334 esse
841 2268 1017 2351 potuerint,
1043 2286 1144 2349 quare
1158 2267 1251 2334 illam
1269 2285 1334 2332 non
1351 2264 1498 2350 ediderit,

333 2373 604 2441 verisimillimam
628 2387 715 2457 puto,
741 2375 824 2455 quod
848 2357 1008 2442 iudicibus
1031 2373 1253 2441 innocentiam
1277 2374 1409 2441 Bestiae
1433 2391 1501 2455 per·
1572 2438 1573 2470 1

331 2480 472 2546 suadere
494 2500 559 2547 non
576 2482 683 2564 potuit
700 2483 821 2551 Cicero.
868 2482 982 2563 Neque
999 2482 1086 2547 enim
1103 2481 1318 2549 dubitandum
1342 2488 1402 2564 ιιι,
1426 2479 1501 2562 quin

332 2589 375 2652 ad
392 2589 528 2655 eandem
546 2608 678 2656 causam
696 2589 823 2655 alludat
845 2590 879 2655 in
895 2589 1081 2672 Philippica
1096 2590 1147 2656 XI
1171 2589 1268 2677 (aa),
1293 2591 1349 2657 ubi
1372 2590 1503 2655 damna-

332 2700 400 2760 tum
424 2713 496 2760 esse
522 2697 668 2762 Bestiam
692 2696 724 2763 in
743 2696 901 2778 petitione
917 2707 1094 2779 praeturae
1111 2705 1224 2778 aperte
1241 2704 1364 2763 narrat.
1397 2695 1503 2762 Aliter

331 2820 385 2866 res
409 2819 444 2868 se
465 2803 567 2870 habet
589 2803 621 2870 in
647 2805 755 2869 altera
789 2803 939 2870 oratione
974 2802 1106 2870 amissa.
1164 2804 1272 2870 Huius
1304 2800 1391 2870 enim
1416 2801 1502 2886 frag-

331 2918 442 2974 menta
466 2917 601 2978 servata
623 2911 717 2976 nobis
742 2918 820 2978 sunt
842 2929 907 2977 non
936 2912 1039 2977 solum
1068 2912 1101 2976 in
1126 2909 1273 2993 scholiis,
1309 2911 1368 2977 sed
1403 2909 1503 2976 etiam

331 3013 366 3080 in
378 3013 471 3083 libris
482 3017 624 3097 Aquilae
637 3017 779 3084 Romani
791 3024 825 3083 et
835 3016 1083 3100 Fortunatam,
1096 3017 1192 3084 etiam
1206 3017 1325 3084 Strabo
1339 3013 1460 3102 (XVII,
1473 3037 1502 3098 p.

332 3125 397 3193 798
419 3126 466 3213 O.)
490 3137 723 3194 commemorat
735 3131 838 3196 verba
856 3128 1022 3194 Ciceronis
1039 3128 1078 3194 ἔν
1093 3153 1165 3194 τινι
1186 3130 1289 3217 λόγῳ
1314 3130 1355 3196 de
1370 3126 1502 3195 tributis

331 3236 480 3319 Aegypti
502 3235 600 3316 iacta,
627 3255 711 3317 quae
729 3237 883 3303 dubitare
907 3256 971 3304 non
996 3257 1175 3320 possumus,
1200 3237 1325 3320 quinin
1349 3237 1411 3302 hac
1433 3255 1502 3302 ora·

333 3341 422 3408 tione
446 3343 630 3409 extiterint.
677 3343 805 3411 Pluries
829 3351 937 3411 autem
961 3346 1001 3411 de
1026 3347 1193 3412 eademne
1217 3345 1251 3411 in
1267 3351 1383 3412 senatu
1402 3345 1501 3412 veria

332 3447 451 3516 iecisse
486 3450 629 3518 Tullium
671 3472 712 3518 ex
752 3451 900 3533 epistulis
936 3453 979 3518 ad
1021 3453 1198 3518 Lentulum
1233 3452 1340 3518 missis
1375 3451 1499 3517 scimus.

333 3555 552 3623 Statuendum
575 3559 677 3642 igitur
701 3559 832 3626 videtur
856 3560 1060 3643 Ciceronem,
1085 3567 1122 3625 ut
1146 3559 1261 3626 mosei
1284 3565 1366 3642 erat,
1391 3566 1499 3641 postea

332 3680 430 3728 unam
454 3682 495 3729 ex
517 3665 569 3731 his
586 3667 788 3733 orationibus
804 3667 957 3751 edidisse,
982 3687 1052 3734 eam
1070 3667 1261 3748 aequalibus
1277 3673 1389 3732 notam
1401 3663 1501 3730 luisse

333 3778 431 3851 atque
448 3773 545 3838 etiam
567 3792 605 3839 eo
626 3783 781 3855 tempore,
808 3794 869 3857 quo
887 3775 1138 3843 commentarius
1154 3773 1327 3840 Bobiensis
1344 3770 1501 3853 conscrip-

333 3986 361 4038 ιι
372 3984 474 4039 Plinius
487 3988 520 4040 ad
539 3988 652 4042 eundem
673 3987 759 4040 locum
773 3989 906 4043 Ciceronis
920 3994 946 4038 in
960 3991 1105 4054 Philippicis
1124 3986 1274 4054 respiciunt,
1295 3985 1341 4055 qui
1354 4002 1408 4038 non
1422 3987 1500 4041 extat

331 4075 419 4129 Etiam
438 4076 584 4130 Arusianus
603 4077 726 4146 Messius,
745 4077 856 4145 Nonius
877 4077 975 4131 scholia
992 4078 1026 4130 ad
1043 4075 1198 4130 Iuvenalem
1217 4074 1286 4130 locos
1306 4075 1409 4144 ignotos
1433 4090 1501 4127 com-

333 4169 486 4230 memorant,
509 4182 596 4236 neque
616 4167 794 4220 olliviscenda
816 4170 879 4220 sunt
898 4166 978 4220 verba
998 4165 1115 4235 Pompei,
1135 4181 1203 4234 quae
1223 4167 1293 4219 certe
1310 4181 1363 4218 non
1382 4164 1502 4226 adXHI,

332 4256 367 4308 43
386 4256 528 4323 pertinent,
547 4256 594 4310 sed
607 4257 639 4309 ad
659 4256 737 4309 aliam
751 4257 894 4310 orationem
910 4256 1041 4309 amissam.
1079 4256 1158 4323 Apud
1178 4254 1295 4308 Nonium
1315 4268 1441 4306 numerus
1463 4251 1503 4306 IV

331 4361 386 4400 uon
404 4349 492 4400 rectus
510 4349 559 4399 est.
580 4377 612 4385 —
632 4346 690 4400 Hoc
707 4347 787 4415 igitur
806 4345 931 4413 singulari
950 4349 1021 4399 certe
1041 4361 1104 4398 casu
1123 4345 1222 4398 factum
1242 4347 1283 4398 est
1300 4349 1331 4396 ut
1343 4344 1380 4420 de¹
1395 4357 1503 4410 corpore

332 4435 399 4489 XIV
419 4437 549 4491 orationes
568 4439 714 4496 serventur,
734 4435 850 4505 reliquae
868 4435 1029 4490 amittantur.
