3230 5254
755 1297 798 1364 11.

279 1476 435 1560 Quoniam
466 1476 680 1544 constitutum
711 1488 759 1544 est
789 1472 849 1544 nos
878 1475 1011 1560 integra
1034 1477 1158 1544 scholia
1181 1495 1199 1542 e
1223 1475 1361 1543 Bobien·

189 1585 280 1652 sibus
303 1603 367 1652 non
390 1590 505 1650 tenere
531 1582 593 1651 nisi
611 1603 729 1666 corpus
753 1583 876 1650 aldaio
895 1583 1028 1662 editum,
1053 1584 1118 1650 iam
1136 1585 1360 1665 quaerendum

188 1702 248 1778 est,
273 1692 365 1758 cuius
388 1691 520 1774 generis
543 1691 624 1758 illud
648 1693 700 1758 slt.
741 1693 851 1772 Atque
874 1690 1012 1774 primum
1038 1691 1166 1773 quidem
1178 1691 1359 1770 videamus,

188 1817 288 1882 quae
319 1799 486 1865 orationes
509 1798 542 1864 iu
567 1797 802 1865 commentario
827 1797 1013 1881 explicatae
1037 1817 1190 1880 quoque
1221 1798 1359 1864 ordine

162 1905 366 1989 'dispositae
403 1905 478 1972 sint.
525 1905 619 1973 Haec
653 1906 811 1988 quaestio,
847 1914 885 1972 ut
915 1924 956 1971 ex
986 1906 1197 1972 adnotatione
1227 1905 1296 1972 Mai
1326 1905 1360 1971 in

186 2011 392 2095 praefatione
422 2012 621 2079 Milonianae
652 2015 696 2097 (p.
721 2013 799 2098 274)
828 2015 946 2093 elucet,
977 2032 1018 2080 ex
1049 2012 1118 2095 ipso
1143 2013 1253 2079 codice
1277 2011 1370 2079 solvi,

185 2138 251 2187 non
275 2127 394 2204 potest.
440 2119 492 2186 Ibi
517 2119 602 2187 enirn
619 2129 654 2186 et
668 2120 702 2187 in
718 2120 899 2186 Miloniana
923 2133 957 2186 et
979 2122 1012 2186 iu
1029 2119 1210 2187 Planciano
1227 2121 1360 2186 eosdem

185 2245 338 2295 numeros
375 2227 625 2309 quaternionum
660 2247 680 2293 a
714 2227 850 2294 librario
886 2226 1035 2294 exhiberi
1067 2237 1192 2293 narrat.
1245 2229 1386 2324 Neque.

186 2342 264 2416 puto
288 2333 442 2402 assentiri
464 2354 657 2417 quemqnam
683 2336 894 2403 coniecturae
918 2335 981 2402 viri
1005 2334 1104 2418 docti,
1129 2335 1249 2417 quide
1283 2336 1359 2401 duo·
1457 2381 1459 2388 ,

186 2443 249 2506 bus
272 2441 471 2508 scholiastae
494 2443 733 2524 exemplaribus
756 2445 932 2509 abeodem
957 2441 1148 2509 amanuensi
1171 2442 1303 2524 scriptis
1327 2452 1361 2508 et

186 2547 274 2614 inter
297 2568 332 2614 se
358 2547 502 2615 confusis
533 2550 673 2631 cogitat:
703 2570 817 2617 verum
848 2551 988 2618 libenter
1012 2567 1123 2616 omnes
1148 2567 1358 2616 concessuros

186 2672 315 2721 errasse
338 2654 518 2724 librarium.
552 2658 620 2723 Nos
642 2657 745 2742 igitur
767 2659 801 2724 iu
826 2677 971 2739 corpore,
997 2658 1082 2738 quod
1105 2664 1272 2725 servatum
1296 2665 1357 2738 cst,

184 2761 331 2829 ordinem
356 2764 539 2830 orationum
561 2783 672 2831 earum
690 2772 817 2831 tantum
843 2763 1045 2831 constituere
1068 2781 1248 2848 possumus,
1273 2780 1357 2844 quae

183 2867 217 2935 in
241 2870 354 2936 eadem
379 2870 500 2952 pagina
525 2890 598 2938 sese
623 2871 801 2954 excipiunt.
849 2873 976 2953 ltaque,
1000 2872 1038 2953 si,
1064 2890 1146 2953 quae
1170 2871 1278 2937 Maius
1301 2871 1358 2935 ad-

184 2977 323 3055 notavit,
349 2984 440 3044 recte
464 2997 500 3044 se
525 2980 660 3062 habent,
685 2981 767 3046 duas
791 2979 895 3046 series
919 2979 1118 3048 constituere
1143 2979 1315 3046 debemus:

272 3082 299 3149 1.
323 3103 382 3165 pro
398 3085 529 3164 Flacco,
554 3093 629 3167 post
643 3088 783 3153 reditum
808 3089 841 3152 in
867 3096 992 3168 senatu,
1017 3095 1092 3168 post
1107 3087 1249 3152 reditum
1266 3083 1354 3165 apud

183 3190 347 3272 populum,
371 3211 432 3273 pro
455 3193 601 3274 Plancio,
626 3195 668 3260 de
691 3213 770 3260 aere
794 3194 902 3266 alieno
926 3194 1068 3276 Milonis,
1092 3213 1150 3274 pro
1174 3191 1306 3257 Archia.

272 3297 318 3363 II.
343 3317 402 3379 pro
426 3299 557 3378 Milone,
583 3320 642 3382 pro
666 3301 782 3380 Sestio,
808 3321 866 3384 pro
891 3301 1036 3368 Vatinio.

272 3405 440 3472 Sullanam
470 3406 577 3490 excipi
611 3409 653 3472 ab
685 3428 733 3490 ea,
764 3427 857 3490 qoam
887 3411 921 3474 in
946 3408 1094 3474 Clodium
1125 3420 1159 3472 et
1181 3406 1356 3472 Curionem

182 3509 266 3577 dixit
300 3510 414 3578 Cicero
446 3515 692 3581 necessario
728 3534 831 3582 uexu
866 3517 1191 3581 membranarum
1219 3514 1357 3579 adnotat

181 3617 289 3684 Maius
313 3619 357 3704 (p.
382 3617 447 3686 283
472 3622 549 3690 adn.
572 3619 618 3706 3),
644 3623 684 3688 de
708 3641 787 3706 rege
811 3621 1036 3688 Alexandrino
1061 3620 1144 3687 nihil
1166 3619 1279 3686 adicit.

271 3727 442 3794 Accedunt
458 3742 566 3795 autem
584 3729 635 3795 his
652 3730 818 3796 orationes
835 3731 994 3810 quaedam
1008 3748 1095 3796 nuuc
1107 3731 1256 3811 amissae,
1274 3746 1356 3808 quas

183 3831 258 3898 olim
281 3833 314 3900 in
339 3835 573 3903 commentario
597 3836 747 3904 extitisse
777 3837 842 3904 viri
874 3837 962 3904 docti
993 3837 1216 3904 coniecerunt:
1248 3833 1355 3902 Maius

184 3939 267 4004 enim
296 3945 419 4024 primus
449 3944 554 4010 locum
587 3941 694 4023 283,2:
725 3947 791 4013 Hic
825 3946 864 4012 P.
889 3946 995 4031 Scipio
1018 3946 1229 4026 Aemilianus,
1259 3949 1294 4009 ut
1319 3945 1357 4007 ia

175 4067 355 4130 proxumae
374 4055 528 4118 metionis
550 4061 773 4119 commentario
796 4057 864 4119 ium
887 4056 1008 4121 locutus
1022 4075 1102 4130 mm,
1120 4104 1229 4119 .....
1245 4072 1354 4132 repea-

180 4155 251 4220 tiac
274 4162 372 4221 morte
389 4159 475 4224 dorm
493 4180 570 4227 suae
585 4163 775 4243 interceptus
786 4168 841 4240 est,
857 4182 921 4227 noa
933 4164 1002 4227 siue
1012 4162 1154 4242 iutbmia
1170 4159 1203 4224 0.
1219 4158 1356 4224 Gracchi

179 4266 208 4327 el
235 4265 346 4329 morra
369 4285 447 4332 auae
473 4266 679 4351 Semproniae
708 4267 881 4335 adnotavit
908 4269 951 4334 ad
976 4275 1075 4352 caput
1097 4267 1246 4334 XXXVI
1283 4264 1354 4329 Mu-

179 4369 338 4435 renianae
361 4371 530 4455 respicere
553 4373 667 4440 videri.
713 4376 831 4456 Itaque
863 4376 962 4442 etiam
992 4376 1081 4444 illam
1106 4375 1353 4443 celeberrimam

179 4474 370 4558 orationem,
404 4497 499 4560 quam
532 4481 665 4563 penitus
696 4501 731 4548 se
762 4501 858 4550 nosse
887 4484 1065 4551 scholiasta
1089 4485 1354 4554 adnotationibus
