3230 5254
800 1200 827 1265 1.

316 1359 430 1426 Prima
452 1359 556 1442 igitur
579 1365 631 1428 est
647 1358 797 1440 quaestio
813 1358 855 1426 de
879 1357 936 1440 eis,
962 1378 1047 1440 quae
1062 1359 1157 1426 nobis
1173 1366 1309 1426 servata
1326 1365 1403 1424 sunt

206 1484 247 1539 „e
263 1467 497 1534 commentario
523 1466 688 1534 Bobiensi.
736 1469 846 1548 Atque
870 1471 944 1532 orta
966 1465 1025 1532 illa
1048 1472 1100 1533 est
1123 1485 1165 1532 ex
1179 1465 1403 1550 disputatione

229 1575 364 1657 egregia
387 1572 530 1656 Stanglii
563 1574 604 1640 de
627 1572 760 1639 scholiis
778 1571 1039 1658 Gronovianis.¹)
1084 1571 1125 1640 Iu
1148 1572 1214 1640 illis
1231 1571 1404 1638 enimcum

228 1664 383 1761 quattuor
407 1693 519 1764 partes
545 1682 643 1762 plane
666 1679 757 1746 inter
780 1698 815 1746 se
839 1687 874 1746 et
897 1680 1051 1746 doctrina
1066 1687 1100 1746 et
1122 1687 1269 1764 tempore
1293 1677 1403 1748 diver-

229 1805 283 1853 sas
306 1775 523 1867 distinxisset,
563 1805 644 1868 eam,
679 1805 764 1869 quae
794 1788 882 1870 apud
912 1785 1071 1854 Orellium
1103 1786 1293 1854 continetur
1326 1805 1404 1869 pau.

231 1891 481 1976 399,31-405,30
504 1893 616 1980 (quam
641 1894 670 1958 A
693 1892 857 1978 appellat)
881 1891 1046 1960 artissimo
1063 1892 1317 1961 necessitudinis
1333 1891 1404 1962 vin·

231 2001 304 2070 culo
339 2020 412 2068 cum
448 2000 580 2068 scholiis
615 1999 832 2068 Bobiensibus
868 1999 1076 2067 coniunctam
1115 2019 1188 2067 esre
1223 1997 1403 2068 contendit.

229 2107 334 2174 Huius
358 2108 520 2191 opinionis
545 2125 674 2191 musae,
700 2125 784 2188 quae
808 2108 853 2173 ad
883 2114 1031 2172 nostram
1059 2106 1317 2189 disputationem
1330 2125 1404 2189 per-

229 2213 346 2302 tinent,
371 2216 433 2282 hae
458 2221 550 2282 suut:
575 2232 696 2294 magna
718 2215 807 2280 inter
836 2213 960 2280 scholia
984 2213 1151 2280 Bobiensa
1179 2221 1214 2280 et
1239 2217 1268 2280 A
1292 2210 1404 2280 simili·

230 2323 309 2388 tudo
340 2321 515 2390 intercedit
542 2331 575 2390 et
598 2324 633 2387 in
657 2339 781 2406 genere
804 2319 937 2387 dicendi
961 2328 994 2387 et
1016 2320 1051 2386 in
1085 2323 1198 2388 verbis
1232 2319 1313 2403 ipsis
1348 2318 1406 2385 eli·

230 2429 346 2510 gendis
370 2427 682 2513 componendisqu03
718 2427 838 2496 deinde
862 2428 959 2494 etiam
995 2430 1026 2494 A
1049 2427 1180 2510 optimis
1215 2427 1406 2494 auctoribus
1519 2514 1522 2520 ι

230 2534 343 2626 utitur
365 2547 466 2618 atque
491 2535 682 2626 fragmenta
706 2555 825 2615 eorum,
861 2535 1018 2604 nonnulla
1041 2534 1140 2601 etiam
1165 2553 1250 2616 quoe
1273 2533 1406 2601 aliunde

231 2661 295 2708 uon
318 2655 397 2714 nota
421 2651 507 2725 suut,
534 2643 704 2725 servavit-3
734 2649 811 2708 turn
831 2642 927 2724 plane
951 2642 1066 2708 eodem
1091 2642 1186 2707 modo
1218 2647 1318 2722 atque
1340 2641 1404 2707 Bo·

229 2748 352 2816 biensis
365 2750 596 2819 Gronoviauus
612 2753 717 2818 verba
732 2769 854 2833 graeca
872 2752 1040 2817 rhetorica
1055 2767 1153 2831 saepe
1170 2749 1406 2817 commentario

230 2855 359 2924 inserit.
406 2858 540 2942 Tamen,
572 2876 768 2939 quamquam
791 2864 888 2924 tanta
911 2857 998 2923 inter
1022 2875 1078 2924 eos
1101 2856 1280 2924 similitudo
1303 2857 1406 2924 inter·

231 2963 329 3046 cedit,
354 2965 485 3031 dubitat
507 2961 687 3046 Stanglius,
711 2972 820 3030 utrum
852 2983 893 3031 ex
915 2964 996 3047 ipsis
1027 2963 1158 3030 scholiis
1190 2963 1406 3030 Bobiensibus

232 3071 406 3152 desumpta
430 3069 474 3138 sit
497 3090 574 3154 pars
598 3069 887 3139 Gronoviouorum
910 3072 941 3136 A
964 3089 1006 3136 an
1042 3071 1084 3136 ab
1118 3070 1183 3137 alio
1218 3071 1262 3136 ad
1296 3088 1407 3136 eorum

231 3178 401 3259 exemplar
423 3175 573 3243 conficta.

321 3285 372 3349 Ab
397 3283 459 3350 hac
482 3283 625 3368 Stanglii
656 3282 821 3349 sententia
844 3282 1049 3350 Gaumitnius
1084 3282 1133 3348 ita
1168 3281 1332 3361 dissentit,
1368 3288 1407 3349 ut

232 3390 340 3456 omnio
362 3389 420 3456 illa
445 3388 570 3457 scholia
591 3391 623 3456 A
645 3392 686 3457 ab
710 3409 773 3456 uno
805 3390 934 3456 homine
966 3389 1128 3473 originem
1160 3391 1279 3457 ducere
1301 3395 1406 3473 puter,

231 3498 370 3562 alteram
393 3515 474 3563 vero
491 3502 622 3578 partem
644 3494 924 3583 (399,cr-402,m)
941 3496 976 3562 in
992 3494 1131 3562 formum
1147 3497 1317 3563 redactam
1333 3513 1407 3562 esse

231 3601 361 3684 longius
384 3623 405 3668 a
429 3602 645 3671 Bobiensibus
672 3616 841 3683 remotam,
866 3605 1007 3670 alteram
1028 3601 1310 3687 (eoum-moes)
1333 3623 1407 3686 pro-

232 3711 307 3793 pius
334 3711 378 3776 ad
402 3729 443 3776 ea
466 3711 634 3778 accedere.
681 3713 790 3792 Atque
814 3711 929 3794 etiam,
961 3711 1016 3793 qui
1039 3729 1142 3792 nuper
1166 3711 1207 3776 de
1230 3709 1346 3777 Servio
1373 3718 1408 3778 et

231 3817 519 3884 Pseudo-Asconio
543 3817 708 3902 dissentit,
742 3815 954 3907 Gessuerus2)
977 3819 1020 3884 ad
1044 3817 1184 3900 Stanglii
1207 3816 1407 3884 sententiam

233 3925 383 3992 accessit.

321 4031 503 4100 Videamus
525 4051 621 4109 nunc,
647 4030 725 4113 quid
749 4033 799 4098 rei
821 4030 874 4100 sit.
921 4030 1078 4098 Traditus
1109 4029 1203 4097 uobis
1233 4040 1285 4097 est
1317 4032 1408 4098 scho

304 4228 327 4296 1)
348 4227 403 4282 Der
435 4228 599 4295 sogenannte
634 4225 866 4281 Gronovscholinst
900 4243 934 4279 zu
970 4227 1003 4280 11
1034 4225 1277 4280 cicemniunischen
1305 4224 1409 4284 Reden,

233 4317 458 4474 Lenz’Egslzrrtltusl
461 4319 526 4459 88188
541 4315 801 4466 {solidos-fecum&
839 4403 936 4458 Ziirich
956 4403 1033 4460 1888.
