3230 5254
881 361 924 428 la

799 457 1011 466 Μ

320 565 374 624 cat
390 578 410 624 a
426 558 637 642 philosophia,
656 559 877 628 disertissimis
893 561 1003 629 verbis
1020 563 1071 627 sui
1087 561 1242 644 temporis
1259 560 1491 644 occupationes

320 665 482 748 depingit:
507 666 634 734 omissis
651 669 812 750 prioribus
828 672 911 735 haec
928 673 1057 735 tantum
1073 666 1185 736 affero:
1216 671 1296 735 Turn
1311 673 1341 736 sl
1363 673 1491 752 quondo

320 775 378 839 tibi
393 777 526 859 nepolir's
542 777 686 842 districto
697 781 861 860 perpetuis
877 778 1074 843 orationibus
1090 783 1212 858 tenipus
1236 779 1361 858 deesset,
1386 798 1491 842 nouare
1590 827 1591 840 .

320 887 349 945 te
371 882 590 948 tumultuariis
612 884 801 965 quibusdum
824 891 853 950 et
876 886 1039 952 lucrativis
1063 885 1244 952 studiorum
1275 886 1404 951 solaciis
1427 887 1491 968 ttrl-

320 990 431 1071 clebus,
455 994 638 1074 spuonprnis
661 992 858 1074 relliquiis,
895 993 996 1058 uerbis
1020 992 1180 1056 interdurn
1203 993 1422 1075 sinpuluribus
1445 1013 1492 1056 re·
1590 1054 1591 1070 ,

320 1097 504 1178 quircnalis?
530 1135 569 1144 -
594 1117 622 1180 p.
653 1095 709 1162 ta:
744 1098 787 1162 M.
822 1098 997 1165 Antonium
1033 1096 1166 1164 summis
1200 1098 1350 1164 laudibus
1384 1096 1491 1181 effert,
1590 1079 1591 1097 ¹

320 1205 405 1283 quod
427 1222 508 1271 voce
531 1205 670 1285 quadam
695 1223 770 1271 usus
794 1213 855 1289 est,
881 1223 944 1287 qua
968 1205 1101 1271 sublata
1125 1205 1215 1272 aliud
1244 1205 1388 1272 eiusdem
1414 1225 1492 1287 pou-

320 1309 408 1376 deris
433 1319 467 1377 et
491 1329 567 1377 usus
601 1319 741 1393 nequeat
769 1313 871 1378 subdi.
918 1312 1033 1394 Neque
1071 1313 1345 1394 praetereundum
1374 1331 1491 1379 censeo

320 1419 359 1483 ob
395 1436 468 1483 eam
504 1438 635 1484 carrsam
670 1426 797 1485 tautum
827 1419 1016 1486 Ciceronem
1046 1439 1066 1485 a
1097 1421 1263 1486 Frontone
1298 1420 1490 1503 vituperari,
1590 1469 1591 1512 3

320 1527 404 1606 quod
429 1525 483 1610 (cf.
507 1548 536 1609 p.
561 1523 603 1591 63
627 1526 725 1612 Nab.)
750 1546 821 1592 oum
840 1532 959 1594 'cetera
982 1545 1106 1610 genera
1129 1528 1303 1597 verborum
1327 1528 1489 1593 uberrime
1590 1565 1591 1574 .

321 1635 489 1716 tractarit,
525 1635 691 1700 tamenin
721 1633 790 1700 eius
821 1633 1024 1700 orationibus
1052 1635 1251 1716 pauclsslma
1283 1634 1490 1716 reperiantur

318 1743 489 1822 insperata
511 1746 610 1820 atque
632 1740 801 1822 inopinata
824 1743 936 1823 verba,
962 1764 1043 1824 quae
1065 1744 1196 1807 nonnisi
1219 1763 1289 1807 curn
1313 1743 1422 1807 studio
1445 1749 1490 1806 ut·
1590 1813 1591 1834 χ

319 1871 376 1930 que
398 1871 476 1914 cura
500 1854 592 1930 utque
614 1850 728 1934 cipitia
752 1855 844 1931 utque
867 1851 967 1914 utultu
989 1856 1127 1915 ueterum
1143 1853 1324 1914 currninunr
1340 1854 1489 1914 anemoria
1590 1867 1591 1900 f

319 1957 526 2040 iradupuntur.
557 1956 761 2037 Insperuturn
773 1962 878 2020 autern
891 1962 983 2038 utque
994 1958 1196 2036 inopinatum
1212 1958 1340 2021 *uertunt
1357 1956 1478 2037 appelle,
1590 1942 1591 1958 ¹

319 2065 402 2144 qrrod
419 2070 549 2142 praeter
572 2085 658 2144 spern
682 2069 775 2146 utque
798 2065 977 2146 opinionem
1007 2065 1209 2130 erudientium
1236 2070 1293 2128 uret
1322 2064 1477 2148 lcqeutium
1590 2123 1591 2134 ,

314 2173 484 2254 proruitur.
532 2169 611 2235 Cum
642 2170 694 2236 his
725 2169 899 2240 Frontonis
930 2171 1041 2237 verbis
1072 2170 1225 2237 conferas
1260 2170 1372 2252 velim,
1409 2189 1482 2250 quae
1590 2157 1591 2180 l

321 2277 497 2343 scholiasta
521 2278 672 2344 adnotat:
697 2280 753 2345 hoc
777 2280 815 2344 ule
837 2281 940 2344 uerbis
955 2281 1134 2345 rarioribus
1150 2281 1336 2345 adnectemus
1360 2277 1488 2364 (23qu
1590 2323 1591 2370 .

320 2384 373 2452 vel
397 2385 522 2450 ecrburu
546 2392 574 2450 et
596 2386 653 2451 hoc
676 2387 812 2452 notabile
834 2389 917 2452 inter
940 2388 1021 2467 alic,
1058 2408 1139 2468 quue
1168 2392 1243 2451 suut
1265 2387 1356 2466 apud
1378 2391 1493 2450 veteres

319 2494 446 2560 rariora
471 2490 600 2578 (utun)
625 2493 679 2561 vel
701 2496 787 2559 uerbi
809 2497 979 2559 nocituteur
1002 2493 1234 2559 considerentur
1257 2489 1402 2578 (242,19):
1427 2491 1491 2557 iam

319 2599 447 2666 videbis
473 2600 568 2682 plane
593 2601 770 2667 Frontonis
795 2601 976 2666 doctrinam
1001 2599 1268 2666 commentarium
1292 2618 1421 2680 sapere.

409 2708 512 2773 Multo
536 2726 615 2775 vero
640 2709 742 2775 maior
766 2709 944 2778 similitudo
961 2710 1046 2775 inter
1061 2707 1279 2789 interpretem
1294 2706 1494 2772 Bobiensem
1590 2705 1591 2772 l

262 2847 264 2852 ·
323 2823 356 2879 et
380 2814 519 2880 Gellium
544 2815 728 2881 intercedit.
777 2815 915 2882 Omnino
940 2815 1025 2880 enim
1050 2815 1102 2881 hic
1126 2814 1274 2896 plurimis
1297 2813 1376 2880 locis
1394 2813 1494 2896 signi·
1590 2831 1591 2852 .

322 2921 399 2988 ficet
422 2923 508 2988 idem
533 2922 674 2990 studium
701 2925 802 2991 verba
826 2922 1029 3006 elegantiora
1053 2921 1253 3004 requirendi.
1293 2922 1348 2986 Ita
1364 2921 1494 3002 XVIII,
1590 2931 1591 2942 ¹

325 3031 373 3115 lm
397 3033 541 3114 quaerit,
574 3051 764 3100 aureolum
795 3034 838 3100 sit
869 3054 928 3116 pro
951 3037 1138 3122 bqpqroplq:
1174 3036 1348 3100 contionem
1371 3034 1494 3098 dicere.

322 3142 446 3208 Eodem
475 3143 569 3210 ruodo
597 3142 695 3222 XVI,
734 3143 752 3204 7
778 3142 951 3208 Laberium
981 3143 1083 3208 multa
1112 3142 1215 3208 verba
1243 3159 1384 3207 novasse
1415 3140 1496 3204 dicit

323 3259 490 3330 totumque
517 3249 550 3315 id
579 3259 677 3332 caput
705 3251 925 3318 huiuscemodi
955 3250 1067 3316 verbis
1096 3247 1277 3314 rarioribus
1314 3248 1367 3313 vel
1404 3249 1495 3314 obso-

321 3357 397 3422 letis
422 3356 624 3439 inquirendis
648 3356 775 3424 tribuit.
823 3359 906 3422 Item
931 3344 1099 3438 incapite
1123 3355 1188 3421 Vll
1216 3354 1294 3419 libri
1317 3357 1368 3420 IX
1394 3357 1495 3422 verba

323 3465 421 3530 etiam
454 3484 495 3530 ex
518 3464 636 3531 Laeuii
659 3464 793 3532 Alcesta
823 3483 908 3530 nove
937 3477 971 3530 et
998 3463 1175 3546 insigniter
1204 3462 1293 3528 dicta
1321 3462 1492 3546 excerpsit.

411 3571 481 3637 lam
505 3572 601 3652 haec,
633 3592 717 3654 quae
741 3573 780 3638 de
805 3585 879 3638 arte
902 3569 1068 3636 rhetorica
1091 3575 1190 3650 atque
1213 3571 1254 3635 de
1278 3570 1389 3635 indole
1415 3589 1486 3635 com·

323 3679 476 3744 mentarii
514 3683 666 3762 exposui,
707 3688 892 3760 congruunt
930 3697 999 3744 ctum
1041 3676 1183 3758 ratione,
1230 3695 1294 3757 qua
1332 3676 1486 3758 interpres

324 3805 401 3852 usus
425 3796 474 3852 est
497 3785 530 3850 in
546 3787 721 3853 laudandis
737 3784 939 3851 atrotoribus.
977 3783 1109 3850 Eteniru
1126 3782 1338 3849 manifestum
1356 3792 1495 3850 osteum
1590 3825 1591 3904 q

321 3893 408 3959 iuter
432 3894 551 3960 latinos
581 3894 777 3976 praesertim
806 3913 861 3960 eos
885 3895 1064 3974 advocare,
1102 3891 1157 3973 qui
1187 3891 1252 3958 iam
1280 3890 1427 3971 aliquam
1459 3909 1500 3956 ex
1590 3911 1591 3974 l

321 4000 519 4082 antiquitate
542 4002 680 4086 gloriam
705 4003 819 4084 adepti
844 4019 917 4069 esse
941 4001 1154 4068 videbantur:
1179 3996 1290 4080 383,10,
1338 3997 1372 4063 C.
1392 3997 1502 4064 Laelii
1590 3985 1591 4032 t

322 4107 487 4190 Sapientis
517 4111 633 4192 verba,
671 4107 782 4190 esaan.
819 4115 852 4172 et
887 4107 998 4188 310‚32‚
1046 4105 1177 4172 Catonis
1209 4103 1366 4186 Censorii,
1399 4102 1504 4189 265st

322 4217 355 4281 C.
382 4215 527 4282 Gracchi
555 4215 661 4283 affert.
709 4216 833 4282 Contra
862 4215 986 4281 nullum
1011 4213 1154 4296 Augusti
1181 4213 1301 4279 aetatIs
1328 4220 1505 4278 auctorem

322 4324 489 4390 laudatum
517 4324 701 4391 invenImus
731 4323 794 4392 uisi
822 4322 1023 4406 Vergilium,
1061 4320 1153 4388 cuius
1184 4319 1397 4387 celeberrima
1429 4339 1506 4386 sen·
1590 4351 1591 4396 3

320 4430 423 4501 tentia
446 4432 587 4503 infertur
611 4454 640 4520 p.
658 4432 772 4515 Fdlffl:
798 4433 912 4518 threnn
928 4437 957 4496 et
973 4432 1050 4498 laneo
1066 4429 1141 4496 oliuu
1158 4429 1338 4495 ruerrrinissc
1366 4429 1506 4496 innubit·
