3230 5254
736 451 752 456 ..
818 355 862 456 51
909 450 941 456 ,-

249 560 374 638 purtim
399 562 524 620 trccecc
546 557 649 634 scilic,
667 557 792 635 parcito
815 575 896 632 uero,
921 553 1091 618 secludunt
1114 553 1277 630 opiniones
1292 550 1433 614 alimum
1474 538 1478 544 ’

254 665 479 746 quadrupedia
502 664 659 744 occepisse
683 663 844 726 dicuutur.

345 770 417 834 Iam
441 768 644 849 intellegitur
668 767 838 849 permultis
855 767 936 832 locis
960 765 1184 848 quaestionem
1208 761 1296 843 oriri,
1323 771 1429 828 utrum

255 876 325 958 ipse
349 875 520 941 Bobiensis
556 893 599 939 an
629 882 867 964 commentator
901 893 963 954 quo
1001 891 1077 938 usus
1113 885 1163 936 est
1197 877 1351 934 auctores
1383 869 1427 933 11-

256 982 410 1064 11111111,
436 1000 454 1046 1
478 981 595 1063 quibus
619 982 865 1047 adnotationem
890 979 1080 1062 desumpsit.
1127 979 1241 1058 Neque
1264 994 1346 1042 vero
1369 975 1427 1041 hoc

186 1165 188 1170 A
258 1089 359 1155 certis
376 1088 578 1170 argumentis
596 1088 712 1154 confici
736 1097 855 1169 potest,
880 1106 984 1167 neque
1007 1087 1144 1152 multum
1173 1084 1255 1149 lacit
1278 1084 1321 1147 ad
1345 1102 1427 1148 com-

255 1195 406 1262 1111111
423 1213 528 1277 genus
546 1195 783 1274 deliniendum;
807 1195 866 1260 sed
882 1193 1047 1272 nonnulla,
1065 1211 1148 1272 quae
1161 1189 1341 1258 verisimile
1365 1210 1427 1256 om·

257 1303 334 1368 nino
358 1321 422 1367 non
446 1301 580 1368 videtur
602 1310 753 1367 auctores
777 1301 965 1383 tradidisse,
991 1321 1011 1365 a
1035 1296 1347 1366 commentatoribus
1372 1315 1428 1378 per

257 1427 371 1473 manus
395 1409 474 1472 data
498 1408 599 1472 etiarn
622 1409 657 1471 in
690 1408 816 1472 scholia
841 1406 1016 1472 Bobiensis
1047 1404 1236 1486 pervenisse
1267 1404 1428 1470 existimo.

254 1515 308 1580 lta
332 1512 545 1596 Schillingius
573 1523 664 1578 recte
701 1514 839 1578 adnotat
867 1533 908 1578 ex
940 1511 1180 1578 commentariis
1210 1512 1292 1576 haec
1324 1511 1429 1593 petita

256 1620 376 1688 videri:

343 1726 457 1806 aeuo.
482 1728 675 1810 Sepullicarc
698 1734 801 1792 autem
825 1728 1030 1792 candidatum
1053 1728 1177 1792 uidetur
1206 1726 1240 1790 T.
1265 1726 1428 1808 Ampium,

255 1835 495 1916 suffraputcretn
518 1855 590 1898 porc
616 1832 673 1898 Cu.
697 1833 894 1916 Pompeium.

344 1937 456 2018 324,10.
499 1941 539 2006 de
563 1941 596 2004 C.
627 1938 727 2004 Alfio:
764 1944 819 2020 qui
842 1941 1004 2021 repulsum
1041 1941 1157 2004 literati
1191 1942 1226 2003 e'o
1260 1947 1430 2021 productae

249 2051 413 2130 petitione.

344 2151 457 2233 tuac.
482 2153 579 2218 Hauc
602 2157 686 2217 euim
709 2173 840 2218 causam
864 2155 929 2237 depe
944 2155 1055 2234 Pupio
1079 2155 1117 2218 de
1140 2157 1266 2218 civitate
1282 2154 1432 2220 Romano

255 2263 343 2342 opud
360 2261 513 2348 Quintum
531 2259 713 2326 Ciceronem
726 2262 809 2325 dicit
824 2261 964 2326 Archias
980 2263 1077 2326 huius
1095 2261 1142 2326 M.
1165 2261 1265 2326 Tullii
1280 2263 1429 2344 fratrem.

343 2368 505 2432 Addenda
529 2378 638 2433 autem
663 2365 714 2430 his
738 2365 908 2434 videntur:

343 2474 446 2556 atta,
482 2492 553 2539 cum
578 2491 663 2553 quae
686 2474 731 2538 ibi
757 2474 796 2537 dc
821 2472 1036 2554 subsignandi
1059 2473 1185 2538 ratione
1209 2474 1312 2540 hahet
1343 2477 1432 2556 apud

254 2581 420 2647 annalium
459 2580 637 2661 scriptores
671 2582 822 2653 invenire
854 2599 918 2646 uon
951 2581 1121 2663 potuisset,
1157 2579 1430 2646 verisimillimum

255 2697 370 2754 estex
393 2689 625 2753 commentario
650 2689 801 2752 haustum
826 2706 908 2752 esse.
1421 2737 1423 2744 ,

343 2790 435 2873 ‘idne
460 2798 584 2857 certum
609 2791 749 2873 videtur,
787 2810 859 2856 cum
888 2793 957 2873 ipse
993 2792 1178 2872 scholiasta,
1216 2793 1273 2874 qui
1306 2795 1433 2861 Vatinii

255 2899 484 2964 accusationes
509 2898 640 2978 saepius
665 2898 861 2980 confuderit,
891 2899 926 2962 id
948 2909 1077 2981 tempus
1106 2912 1262 2966 accurate
1287 2905 1430 2985 noverit,

254 3005 311 3072 illa
336 3007 376 3071 de
394 3008 543 3089 proximo
566 3027 619 3070 reo
643 3003 701 3068 alii
723 3005 908 3087 interpreti,
946 3025 1007 3086 quo
1031 3025 1110 3073 usus
1134 3019 1193 3087 est,
1220 3007 1351 3074 debere.
1425 3081 1428 3086 ,

345 3109 448 3194 32⁰‚21
474 3110 572 3176 etiam
592 3112 625 3176 C.
644 3109 823 3195 Cethegum
847 3131 876 3177 a.
893 3111 930 3176 L.
948 3113 1087 3178 Aemilio
1104 3114 1221 3179 Paullo
1238 3130 1428 3182 accusatum

255 3239 327 3286 esse
365 3219 635 3286 verisimillimum
678 3226 730 3284 est
768 3217 979 3285 scholiastam
1015 3240 1055 3286 ex
1093 3221 1157 3287 alio
1197 3225 1430 3290 commentario

255 3329 483 3408 desumpsisse.
546 3327 658 3406 Neque
698 3325 783 3390 enim
823 3338 900 3406 puto
940 3326 1040 3392 alium
1086 3337 1254 3394 auctorem
1294 3329 1430 3412 Cethegi

255 3433 451 3500 mentionem
487 3432 621 3513 fecisse,
670 3451 741 3498 cum
788 3451 828 3498 ne
865 3433 1040 3500 Sallustius
1076 3436 1207 3515 quidem
1243 3437 1295 3503 cui
1333 3439 1431 3503 dehet

255 3541 425 3606 Bobiensis
449 3540 595 3606 scholion
620 3541 661 3606 de
685 3539 836 3619 Catilina,
862 3558 934 3606 eum
960 3553 1197 3607 commemoret.

343 3648 451 3726 Atque
485 3665 555 3711 cum
580 3655 750 3713 constaret
781 3648 995 3729 interpretem
1020 3667 1060 3713 ex
1083 3649 1157 3713 aliis
1187 3651 1428 3716 commentariis

254 3754 417 3836 hausisse
449 3753 514 3817 iam
550 3754 736 3834 Madvigius
767 3754 801 3838 (l.
837 3754 858 3820 l.
895 3776 925 3836 p.
963 3755 1040 3838 150)
1069 3757 1103 3820 in
1132 3757 1179 3822 eis
1219 3775 1301 3836 quas
1333 3757 1428 3823 affert

254 3862 352 3926 rebus
377 3878 418 3924 ex
441 3859 578 3925 historia
606 3860 720 3942 petitis
737 3862 872 3926 Asconii
898 3865 1003 3927 verba
1026 3863 1088 3928 sibi
1109 3863 1222 3928 audire
1238 3862 1425 3932 videbatur.

255 3967 411 4050 Quaestio
436 3976 555 4048 eutem,
581 3985 623 4031 an
648 3967 679 4031 11
703 3987 761 4032 sua
786 3970 913 4050 debeat,
940 3969 1131 4035 difficillima
1156 3982 1214 4052 ost,
1233 3974 1425 4052 praesertim

256 4093 328 4140 cum
355 4077 390 4139 in
425 4093 490 4139 una
524 4082 651 4140 tantum
688 4075 837 4140 oratione
873 4079 1127 4158 interpretanda
1161 4093 1299 4158 uterque
1334 4081 1426 4146 uobis

254 4191 388 4264 praesto
424 4181 481 4246 sit:
518 4184 552 4246 in
588 4179 778 4247 Miloniana.
838 4184 961 4248 Tamen
993 4186 1179 4250 sententiae
1214 4186 1425 4270 aMadvigio

254 4289 402 4370 prolatae
435 4288 655 4370 adstipulatus
680 4307 752 4354 esse
788 4289 877 4356 viros
914 4293 1024 4358 doctos
1048 4293 1155 4359 uideo.
1203 4291 1324 4358 Contra
1355 4313 1425 4359 eam

255 4395 372 4461 deinde
396 4395 601 4462 Geumitzius
634 4405 760 4477 partem
798 4396 1027 4478 disputationis
1063 4401 1209 4484 scripsit,
1245 4418 1308 4480 qua
1343 4420 1424 4467 com·
