3230 5254
731 427 774 496 23

149 633 221 696 tus
242 635 301 707 est,
327 627 489 694 extitisse.
525 627 663 712 Quando
688 645 767 695 vero
791 625 912 694 amisse
935 625 988 709 sit,
1005 636 1133 708 tempus
1151 624 1249 696 certis
1272 633 1339 694 ter·

152 734 258 802 minis
281 733 552 802 circumscribere
576 751 640 802 non
665 735 778 815 audeo,
811 751 882 800 cnm
919 732 1137 802 demonstrari
1161 753 1256 818 posse
1280 735 1338 802 mi·

150 839 248 910 nime
271 850 382 924 putem
409 839 562 922 Aquilam
597 843 652 910 rel
675 840 951 908 Fortunatienum
986 847 1027 908 'ex
1062 839 1154 908 libris
1184 839 1265 924 ipsis
1288 839 1339 908 Oi·
1459 905 1463 912 .

148 949 348 1017 esronienis
372 947 523 1030 exempla
548 966 608 1015 sna
632 948 856 1032 descripsisse,
881 949 978 1016 immo
1002 945 1275 1016 verisimillimum
1295 949 1339 1014 slt

150 1055 220 1122 illa
242 1057 332 1122 inter
355 1057 507 1121 rhetores
531 1073 590 1138 per
614 1073 728 1122 manus
752 1055 833 1122 data
857 1073 939 1122 esse.
986 1054 1117 1122 certum
1156 1063 1205 1122 est
1240 1054 1337 1124 amis-

152 1181 232 1229 sam
248 1163 315 1228 iam
331 1161 433 1228 inisse
450 1160 641 1245 orationem,
666 1180 735 1229 cum
754 1180 870 1245 corpus
886 1161 1018 1228 illarum
1034 1163 1228 1242 orationum,
1253 1162 1338 1242 quod

156 1277 320 1350 tenemus,
346 1268 531 1336 coniectum
555 1267 658 1355 esth)

158 1415 161 1422 ·
253 1377 323 1442 Iam
335 1374 434 1458 igitur
450 1375 609 1458 ordinem,
627 1375 682 1458 qui
698 1385 748 1444 est
764 1375 797 1443 in
813 1374 1039 1458 antiquissimo
1056 1374 1169 1444 codice
1185 1373 1336 1442 Parisino

162 1481 253 1550 7794
277 1483 377 1568 (saec.
401 1482 467 1566 IX)
492 1489 750 1565 percenseamus
798 1481 942 1550 Exhibet
965 1482 1038 1550 ille:

232 1609 257 1675 I.
281 1605 391 1674 Pridie
415 1625 512 1688 quam
537 1609 572 1674 in
597 1607 727 1677 exilium
751 1608 824 1674 iret.

214 1717 257 1782 II.
281 1715 359 1780 Cum
383 1715 513 1782 senatui
538 1715 664 1797 gratias
689 1716 767 1800 egit.

192 1823 254 1888 III.
279 1822 359 1888 Cum
385 1822 500 1905 populo
524 1823 654 1904 gratias
678 1822 757 1906 egit.

192 1931 252 1997 IV.
276 1929 329 1995 De
354 1931 448 1994 domo
472 1947 541 1996 sue.

211 2037 254 2103 V.
280 2021 347 2103 Pro
372 2037 408 2102 P.
433 2035 549 2103 Sestio.

193 2143 253 2211 VI.
278 2145 317 2210 In
342 2144 377 2209 P.
402 2142 568 2210 Vatinium
593 2151 722 2210 testem.

174 2253 255 2318 VII.
280 2251 319 2316 Iu
344 2259 461 2316 senatu
486 2251 526 2315 de
551 2250 728 2331 provinciis
743 2237 990 2318 'consularibus

153 2357 253 2424 VIII.
276 2358 327 2423 De
351 2358 560 2440 haruspicum
585 2359 760 2440 responsis.

194 2465 254 2530 IX.
276 2467 339 2531 Pro
363 2464 512 2532 Cornelio
536 2465 651 2536 Balbo.

211 2571 253 2636 X.
278 2573 339 2638 Pro
363 2572 483 2639 Caelio.

250 2696 317 2762 Iam
345 2679 418 2762 oum
443 2697 538 2779 titulo
575 2699 645 2780 ipso
669 2698 912 2764 demonstretur
936 2694 1207 2763 declamationem
1241 2693 1331 2761 illam

154 2803 368 2886 subditivam,
394 2823 489 2886 quam
515 2804 618 2886 primo
634 2805 706 2870 loco
730 2803 869 2888 positam
898 2804 1056 2888 videmus,
1082 2805 1224 2871 habitam
1250 2803 1331 2886 fingi

152 2910 261 2992 pridie
285 2929 381 2991 quam
405 2909 439 2978 in
463 2911 595 2976 exilium
620 2913 694 2993 iret,
719 2911 857 2978 alteram
888 2910 1069 2978 orationem
1101 2913 1254 2978 reducem
1280 2909 1330 2976 Oi·

152 3035 308 3084 ceronem
331 3017 496 3100 habuisse,
522 3017 678 3102 temporis
704 3018 863 3085 rationem
888 3018 922 3084 in
947 3018 1156 3101 disponendis
1184 3018 1234 3084 his
1258 3037 1329 3085 ora·

157 3125 300 3190 tionibus
324 3131 490 3192 servatam
528 3145 600 3192 esse
631 3125 818 3192 necessario
851 3127 1023 3192 evincitur.
1083 3125 1219 3207 Deinde,
1256 3143 1328 3190 oum

151 3250 266 3296 omnes
284 3229 451 3298 Ciceronis
476 3233 645 3298 contiones
662 3242 824 3299 testentur
840 3233 929 3315 prius
953 3233 987 3298 in
1004 3240 1127 3314 senatu,
1146 3233 1263 3298 deinde
1287 3232 1328 3295 ad

150 3338 308 3420 'populum
333 3339 499 3405 orationes
523 3340 648 3420 haberi,
674 3341 837 3423 putandus
861 3350 911 3407 est
936 3341 1036 3406 etiam
1072 3347 1246 3420 antequem
1270 3358 1329 3419 po·

150 3445 229 3528 pulo
254 3446 379 3528 gratias
404 3445 481 3530 egit,
506 3447 539 3514 in
564 3458 680 3514 senatu
695 3447 940 3514 verbaiecisse.
973 3447 1097 3512 Eodem
1114 3445 1219 3530 modo,
1244 3463 1329 3528 quae

149 3563 344 3634 sequnntur,
369 3553 535 3620 orationes
559 3556 737 3621 secundum
766 3554 923 3636 temporis
958 3553 1119 3619 rationem
1150 3553 1329 3635 dispositae

148 3666 239 3725 sunt.
288 3659 458 3742 Equibus
481 3664 587 3743 prima
623 3670 674 3727 est
699 3663 739 3727 de
771 3663 873 3743 domo,
911 3680 1007 3743 quam
1045 3679 1086 3726 ex
1120 3661 1262 3742 epistula
1286 3660 1327 3726 ad

151 3769 299 3833 Atticum
323 3765 422 3833 missa
446 3767 523 3854 (VI,
549 3766 609 3853 22)
633 3765 754 3834 scimus
779 3768 899 3834 dictem
923 3769 1007 3852 prid.
1034 3768 1107 3835 Kal.
1133 3768 1207 3834 Oct.
1239 3769 1327 3851 apud

153 3873 332 3953 pontifices.
379 3875 569 3956 Sequuntur
595 3876 746 3943 Sestiana
771 3883 805 3958 et
829 3875 1018 3957 Vatiniana,
1056 3878 1097 3942 de
1132 3876 1248 3958 quibus
1285 3877 1328 3942 ad

153 3977 309 4060 Quintum
334 3981 471 4048 fratrem
496 3984 579 4049 haec
596 3983 711 4049 scribit
735 3983 792 4069 (ii,
817 3982 898 4069 4,1):
925 3985 1049 4051 Sestius
1072 3990 1178 4050 noster
1201 3985 1325 4051 obsolu-

149 4093 203 4153 tus
225 4095 269 4154 est
294 4111 324 4154 a.
349 4091 379 4156 d.
413 4089 510 4156 Vsa.
537 4091 688 4160 Mart...
708 4145 714 4156 .
739 4094 817 4158 scito
840 4091 895 4157 too
917 4113 976 4157 sos
998 4094 1033 4156 iro
1057 4113 1089 4157 eo
1112 4092 1232 4157 iudicio
1256 4112 1326 4158 cort·

222 4409 258 4475 18)
279 4409 363 4475 Quem
383 4425 429 4478 pro
448 4411 535 4464 Asicio
554 4411 620 4463 dixit
639 4427 668 4464 se
687 4411 819 4479 habuisse,
839 4427 886 4479 pro
905 4415 976 4464 certo
991 4411 1117 4466 affirmari
1131 4412 1218 4479 potest
1228 4409 1324 4462 editam

147 4511 206 4552 non
223 4513 289 4552 esse.
310 4499 355 4567 (ci.
377 4515 422 4568 pro
442 4499 530 4554 Caelio
549 4503 563 4568 ξ
583 4501 638 4568 ⁶23.)
