3230 5254
692 351 733 416 47

610 445 822 454 ..-·-—----—-—-—

218 550 330 635 24219,
379 553 570 635 Irefatuare:
608 551 702 616 Verbi
725 553 894 618 uanitatem
918 551 1157 616 consideremus.

218 658 330 741 meua,
381 660 455 723 Nou
478 660 607 741 fucosa:
649 658 784 723 Verbum
807 664 835 722 et
864 655 920 723 boc
949 658 1085 722 motabile
1111 660 1195 722 iuter
1223 658 1303 733 alia,

126 791 208 852 quac
230 774 305 844 suut
329 767 418 848 apud
440 770 558 830 ueteres
580 768 706 831 rariora
731 765 935 848 ret'ereudum
959 771 1012 830 est.
1073 759 1075 761 ’

216 873 328 957 310ue.
377 872 568 954 Scalpetlum
591 873 766 939 adhibetur.
814 871 864 937 De
886 874 988 938 uerbis
1010 871 1203 938 motabilibus
1228 923 1234 936 .
1261 921 1268 936 .
1295 918 1301 934 .

126 985 323 1067 scalpellum.

218 1087 329 1169 neum,
362 1091 561 1172 Quamquam
576 1088 744 1153 dissimilis
760 1094 806 1152 cst
816 1089 974 1167 pecauiae
989 1087 1103 1152 debitio
1120 1092 1149 1151 et
1163 1088 1303 1168 prutiac:

131 1252 137 1264 .
165 1249 171 1263 .
197 1247 203 1262 .
236 1197 371 1262 Verbum
393 1196 449 1260 boc
471 1215 591 1277 quoprce
614 1216 678 1259 riou
700 1196 860 1259 mammosa
883 1195 1083 1270 adnotemus,
1121 1195 1203 1276 quod
1230 1193 1303 1274 „de-

132 1306 278 1370 bitiouem
295 1305 474 1384 pecuuiac“
501 1303 595 1367 dicit.
710 1292 712 1298 ’

221 1414 331 1494 stup,
377 1415 585 1480 Labeculam:
612 1411 761 1478 Notabile
785 1416 976 1501 ὑποκόρισμα.

223 1521 373 1587 Eiusdem
400 1519 532 1602 generis
557 1527 641 1601 sunt,
667 1537 749 1599 quae
773 1519 984 1601 proferuntur

223 1628 332 1711 234eu.
382 1629 518 1694 Nullum
552 1629 588 1692 iu
615 1649 650 1691 re
682 1628 846 1708 familiari
878 1629 1019 1693 sordem:
1057 1627 1204 1692 Notabile
1238 1627 1303 1707 boc,

132 1740 216 1822 arrad
237 1737 395 1820 simpulari
419 1755 548 1802 uuruero
571 1737 697 1800 sordem
721 1733 813 1806 dicit,
838 1755 909 1799 cum
933 1735 972 1799 de
995 1735 1135 1800 moribus
1158 1735 1202 1798 ad
1218 1733 1304 1814 cupi-

133 1848 263 1913 ditatem
281 1847 437 1925 pecuniae
460 1842 712 1924 promptioribus
739 1843 913 1906 secuudum
945 1861 1116 1907 mutuorum
1144 1839 1306 1920 pluralem

132 1951 324 2018 cousrcetudo
340 1950 539 2016 celeberrima
556 1951 598 2014 sit
624 1950 770 2030 ‚soroles“
798 1950 910 2014 dicere.
949 1949 1021 2013 Hoc
1036 1951 1137 2031 ipitur
1154 1949 1191 2012 de
1205 1948 1306 2013 uerbis

130 2059 311 2126 rarioribus
333 2059 525 2124 adnotemus.
600 2086 603 2093 ·

221 2162 319 2248 300,2,
336 2214 342 2228 .
359 2217 364 2229 .
380 2166 513 2230 ‚iterum
524 2185 679 2230 aerumua
689 2185 773 2228 rrtea:
791 2164 982 2228 Notabilitcr
993 2164 1154 2246 stipulari
1165 2183 1304 2240 uurrtcro,

131 2295 195 2338 acu
214 2273 377 2352 plurativo
403 2275 626 2352 „aerumuam“
653 2272 744 2336 dicit.

223 2379 330 2444 Etiam
356 2379 442 2458 quod
466 2381 551 2444 dicet
574 2378 607 2443 in
631 2395 689 2442 suo
714 2376 896 2459 exemplari
916 2375 1051 2458 invenit,
1075 2375 1108 2440 id
1125 2378 1307 2442 motabiliter

103 2520 108 2527 -
135 2487 244 2550 media
266 2487 350 2552 uerbi
378 2493 474 2568 parte
504 2485 668 2552 subtracta
696 2505 760 2549 riou
787 2485 964 2566 impleuisse
998 2485 1142 2549 omuibus
1175 2485 1307 2566 syllabis

135 2581 323 2660 Ciceronem
349 2590 570 2677 putut296,13
594 2605 629 2658 et
651 2592 733 2658 talia
757 2593 886 2674 saepius
910 2594 999 2674 apud
1020 2599 1135 2658 veteres
1164 2589 1307 2658 inveniri

134 2699 245 2767 adicit.
544 2775 546 2779 ¹

223 2812 283 2878 His
307 2812 513 2877 adnectenda
538 2819 613 2876 sunt
636 2815 677 2877 τὰ
701 2812 869 2901 ἀμφίβολαι
903 2809 1006 2892 impr
1028 2811 1179 2890 aruplccti
1203 2805 1307 2890 esua

132 2923 265 3004 roputio.
318 2919 467 3000 Denique
504 2918 583 2999 quid
613 2917 746 2984 intersit
773 2918 860 2983 inter
883 2939 1059 3000 properare
1089 2925 1123 2981 et
1153 2918 1308 2999 t'estiuare

131 3025 248 3108 289ffl,
283 3028 411 3108 satiator
436 3025 746 3108 etritaeror303,1,
782 3028 831 3090 ais
855 3036 888 3090 et
911 3027 1013 3089 uirtus
1038 3023 1141 3104 nebu
1162 3023 1306 3104 exponit.

223 3134 343 3212 ltaque
369 3132 453 3211 quad
479 3150 536 3212 per
559 3150 712 3214 magnam
737 3129 962 3196 commentarii
986 3145 1114 3212 purtem
1131 3131 1308 3196 scholiasta

131 3240 337 3322 singulorum
374 3236 539 3303 Ciceronis
574 3239 749 3335 verborum
790 3236 1047 3318 significationes
1087 3235 1231 3318 explicat
1270 3255 1307 3301 eo

132 3345 284 3430 consilia,
322 3354 358 3410 nt
395 3363 479 3424 qnae
513 3344 641 3410 rumara
677 3353 711 3410 et
746 3351 876 3412 vetusta
908 3345 974 3409 sint
997 3345 1145 3426 adnotet,
1182 3345 1243 3408 hoc
1266 3343 1308 3408 ad
1410 3417 1412 3420 ,

133 3475 175 3520 ea
199 3465 347 3534 tempora
371 3469 429 3516 nos
453 3451 595 3533 relegat,
621 3450 737 3532 quibus
754 3450 929 3516 Frontonis
953 3450 1086 3530 eiusque
1111 3457 1307 3515 sectatorum

134 3559 309 3642 discipline
332 3559 478 3626 valebat.
519 3559 596 3622 Cum
615 3557 685 3638 ipsa
702 3557 803 3640 igitur
819 3559 987 3623 Frontone
1003 3556 1205 3637 potissimum
1220 3556 1313 3622 illins>

134 3668 282 3733 rationes
316 3663 587 3748 comparabimus.
634 3665 755 3730 Verum
786 3683 855 3729 cum
886 3663 914 3729 is
947 3683 1010 3729 nau
1042 3663 1308 3730 commentarium

137 3772 314 3856 scripserit,
340 3772 453 3840 sedin
478 3770 626 3853 epistulis
651 3772 691 3836 de
715 3780 789 3838 arte
812 3773 958 3836 oratoria
982 3773 1182 3855 exposuerit,
1212 3773 1307 3854 paula

137 3877 237 3942 aliter
261 3899 433 3961 expressas
457 3879 490 3945 in
515 3898 553 3945 eo
586 3878 768 3944 sententies
798 3878 993 3945 invenimus.
1041 3879 1165 3944 Tamen
1194 3881 1308 3944 eudem

138 3995 173 4050 et
197 3984 405 4052 scholiastum
432 3996 465 4052 et
481 3987 679 4053 Frontonem
705 3985 857 4051 doctrina
881 3983 1017 4067 gloriari
1043 3985 1149 4051 multis
1165 3986 1245 4052 locis
1262 3985 1308 4050 in-

137 4093 286 4176 telleges
312 4112 329 4158 e
353 4095 470 4174 utribus
496 4114 616 4176 pancos
640 4093 790 4160 affetum:
818 4113 846 4174 p.
873 4091 936 4158 152
954 4093 1106 4174 discipuli
1122 4094 1164 4159 M.
1181 4092 1307 4159 Aurelii

136 4210 242 4267 artem
260 4202 452 4282 praedicans
468 4206 539 4280 scis,
565 4201 680 4282 inquit,
705 4203 799 4267 uerba
822 4223 978 4283 quaerere,
1004 4203 1068 4267 scis
1089 4207 1214 4283 reperta
1228 4207 1310 4267 recte

135 4310 302 4394 collocare,
340 4315 402 4377 scis
437 4311 568 4375 colorem
596 4311 754 4375 simeram
782 4311 946 4374 uetustatis
976 4311 1155 4393 appiupere.
1207 4308 1308 4372 Panlo

132 4437 233 4504 supra
257 4418 301 4504 (p.
329 4417 422 4502 151),
460 4419 535 4483 ditm
568 4417 705 4482 eundem
735 4418 778 4482 ab
801 4415 998 4482 rhetoricam
1024 4416 1191 4481 desertam
1215 4434 1308 4484 revo-
