3230 5254
694 415 737 482 45

218 611 289 675 Iam
313 609 420 675 elucet
436 609 518 676 artis
531 610 621 692 leges
635 621 783 679 secutum
797 631 870 679 esse
887 611 1108 696 scholiastam,
1127 634 1210 696 quae
1227 619 1305 679 ante

126 715 372 795 Hermogenem
396 723 455 783 aut
478 724 568 783 certe
592 725 670 786 ante
694 719 728 785 id
751 727 888 802 tempus
915 738 976 799 quo
1000 720 1233 788 auctoritatem
1249 720 1305 787 ille

123 831 244 890 nactus
274 830 335 905 est,
365 841 424 890 usu
456 823 646 891 veniebant.
694 825 820 894 Scimus
849 825 933 892 euim
963 845 1027 892 non
1059 829 1163 895 solum
1193 846 1305 894 omnes

123 940 236 1024 τέχνας
272 942 348 1016 post
378 934 619 1018 Hermogenem
650 937 846 1019 compositas
882 935 953 1002 eius
977 936 1149 1020 disciplina
1175 940 1225 1004 ita
1247 939 1305 1004 im·

122 1041 223 1108 butas
255 1059 336 1123 esse,
369 1046 403 1108 ut
434 1059 475 1106 ua
509 1042 672 1110 minimam
703 1042 832 1124 quidem
857 1051 985 1126 partem
1009 1044 1169 1113 orationis
1192 1047 1304 1112 incon·

125 1147 306 1214 sideralem
344 1147 627 1231 inexplicatamve
668 1150 895 1231 relinquerent
925 1150 1064 1229 oratori,
1105 1153 1164 1218 sed
1204 1153 1305 1217 etiam

126 1259 163 1323 in
186 1257 317 1324 scholiis
341 1257 587 1325 accuratissime
611 1260 757 1344 singulos
780 1263 889 1339 τόπους
904 1263 1081 1329 secuudum
1094 1260 1182 1328 illius
1198 1271 1305 1327 artem

129 1363 381 1430 commemorari.
406 1365 511 1432 Abest
533 1372 645 1432 autem
670 1366 850 1434 scholiasta
867 1386 963 1449 quam
980 1369 1121 1434 maxime
1138 1369 1178 1436 ab
1195 1367 1305 1434 huius-

130 1473 216 1536 modi
237 1471 404 1538 minutulis
429 1473 767 1540 commentationibus.

217 1581 353 1648 Accedit
390 1583 476 1663 quod
508 1581 600 1667 adop
631 1586 880 1662 ἀναδίπλωσις
910 1592 1183 1652 commemoratur
1206 1603 1303 1666 quam

128 1691 352 1774 Hermogenes
368 1697 609 1783 ἐπανάληψιν
626 1694 774 1778 appellat
784 1695 868 1780 (vid.
885 1699 949 1785 περὶ
962 1697 1096 1784 μεθόδου
1108 1692 1303 1779 δεινότητος).

128 1799 242 1880 Itaque
284 1802 383 1868 etiam
425 1802 480 1868 hic
523 1801 622 1867 aliam
659 1801 895 1884 Hermogenis
935 1803 1035 1868 aliam
1078 1804 1305 1870 commentarii

127 1895 299 1974 Bobiensis
323 1918 429 1975 artem
453 1909 555 1975 fuisse
581 1910 818 1993 cognoscimus,
1312 1894 1317 1905 ’

212 2018 284 2084 Iam
324 2039 395 2086 cum
435 2025 565 2086 constet
602 2019 820 2103 interpretem
857 2020 1157 2105 Hermogenianam
1197 2025 1306 2109 τέχνην

121 2144 188 2190 non
231 2133 378 2192 secutum
419 2147 510 2209 esse,
557 2128 614 2194 sed
658 2127 826 2195 diversam
863 2130 904 2194 ab
944 2127 1003 2194 illa
1040 2128 1142 2193 multo
1183 2127 1303 2211 simpli-

122 2235 192 2302 cius
228 2242 285 2314 τὰς
321 2248 382 2303 τῶν
415 2241 552 2304 στάσεων
579 2242 740 2327 διαιρέσεις
767 2245 988 2322 tractantem,
1022 2239 1201 2304 videndum
1236 2245 1303 2317 est,

124 2361 167 2408 an
198 2362 267 2410 cum
297 2344 383 2410 alius
411 2345 608 2426 quibusdam
645 2345 775 2429 legibus
808 2355 986 2427 praecepta
1008 2346 1207 2412 scholiastae
1232 2364 1305 2410 con-

125 2460 254 2533 gruant.
299 2454 409 2533 Atque
442 2455 475 2519 in
509 2453 572 2518 hac
597 2452 790 2532 quaestione
813 2452 971 2518 solvenda
987 2452 1183 2518 adiuvamur
1200 2450 1300 2533 Quin-

122 2557 230 2622 tiliani
261 2558 544 2640 institutionibus,
578 2559 613 2626 in
647 2558 764 2640 quibus
804 2559 902 2642 plane
936 2561 1074 2625 eandem
1105 2558 1299 2626 divisionem

121 2672 229 2732 status
257 2667 492 2734 coniecturalis
522 2667 716 2733 invenimus.
764 2666 816 2731 Ibi
841 2665 926 2732 enim
952 2666 1027 2744 VII,
1052 2664 1112 2748 hnc
1135 2673 1204 2730 tres
1228 2665 1298 2731 eius

117 2781 232 2855 partes
256 2781 568 2841 commemorantur:
594 2797 638 2840 on
660 2774 802 2845 voluerii,
827 2797 870 2838 on
889 2777 1040 2857 potncrr't,
1065 2796 1108 2838 un
1131 2775 1248 2855 feccrit.

208 2880 326 2962 Itaque
357 2880 542 2948 accuratius
572 2879 868 2965 pervestigandum
900 2887 966 2964 est,
998 2898 1041 2945 an
1072 2880 1139 2946 alia
1169 2898 1298 2961 quoque

115 2987 271 3053 similiter
306 2989 348 3054 ab
383 2989 565 3070 interprete
598 2995 631 3054 ct
663 3007 683 3054 a
715 2987 916 3070 Quintiliano
952 2992 1147 3053 tractentur.
1206 2987 1299 3070 Quod

114 3094 248 3177 saepius
286 3095 361 3161 fieri
398 3095 610 3162 manifestum
651 3101 713 3160 est.
776 3095 909 3160 Etenim
950 3093 1060 3177 pergit
1103 3095 1297 3160 scholiasta:

115 3225 249 3285 cornaque
270 3205 313 3268 stt
335 3205 371 3268 in
394 3210 462 3268 orta
482 3209 701 3286 praeceptura,
725 3208 761 3267 nt
776 3209 896 3268 nosmet
919 3205 1005 3283 c'prsos
1028 3208 1101 3266 ante
1111 3223 1296 3284 percernere,

114 3318 192 3375 tnnc
215 3312 435 3376 aduersarium
458 3312 675 3391 annonantur,
701 3311 785 3391 qnod
809 3315 854 3374 est
877 3312 1043 3390 ontr'an'ns
1066 3311 1135 3373 sine
1159 3309 1253 3373 dnbio
1269 3313 1298 3372 et

114 3415 240 3503 mayis'
260 3423 428 3486 naiwrale.
447 3470 480 3484 ..
540 3418 762 3502 Quintilianus
787 3419 871 3498 VH,
911 3416 970 3503 231
999 3420 1033 3482 in
1065 3420 1298 3506 ἀντικατηγορίᾳ

115 3526 198 3592 dicit
218 3546 348 3611 semper
364 3527 507 3612 priorem
539 3545 611 3593 esse
636 3525 876 3593 defensionem:
910 3529 1061 3608 primurn,
1086 3527 1162 3606 qnia
1177 3531 1298 3590 notnro

109 3638 221 3716 potior
251 3641 296 3700 cat
319 3637 410 3700 solos
431 3641 542 3700 nostro
567 3655 663 3716 qnarn
688 3635 867 3700 aduersarii
885 3634 1045 3714 penicles
1062 3686 1067 3700 .
1086 3679 1116 3697 ..
1163 3629 1297 3696 Referri

115 3741 271 3808 hocloco
295 3741 468 3807 Bobiensis
491 3749 703 3823 praeceptum
728 3740 799 3820 quis
822 3758 888 3804 nou
912 3738 1032 3805 videt?

208 3851 335 3917 Deinde
350 3852 608 3918 interscbemata
619 3853 803 3938 ἀλληγορίαν
815 3848 920 3933 ‘datm
934 3869 953 3914 a
967 3847 1148 3915 scholiasta
1160 3867 1295 3915 comme·

118 3962 279 4021 moratam
308 3959 501 4025 invenimus.
549 3959 598 4023 Ibi
631 3958 734 4024 enim:
767 3961 963 4038 optisannn's,
995 3955 1113 4037 iuquit,
1138 3957 1239 4021 ambis
1263 3962 1291 4021 et

116 4067 365 4152 conyrncntr'bns¹
403 4070 554 4151 qnoniam
593 4067 845 4148 „naufraqr'nrn“
881 4066 1022 4146 olc'ncrm,
1054 4065 1221 4128 custodieri
1250 4084 1295 4128 se

113 4177 284 4258 quantiam,
309 4180 391 4259 qnod
413 4181 518 4260 ipsnrn
541 4178 632 4242 nobis
648 4179 684 4240 r'n
701 4179 812 4241 omnia
831 4179 1018 4264 ἀλληγορικὰ
1033 4175 1223 4239 sereondnrn
1239 4178 1293 4238 cat.

112 4282 196 4348 Cum
225 4280 275 4348 his
303 4283 455 4350 conferas
484 4283 596 4364 velim,
640 4299 728 4364 quae
753 4281 975 4368 Quintilianus
1006 4279 1099 4361 VIII,
1138 4276 1197 4362 6,so
1220 4298 1293 4363 pro-

110 4389 197 4456 fert:
222 4391 259 4454 t'd
282 4412 401 4473 quoqne
424 4394 460 4456 r'n
477 4393 598 4471 pranis
622 4397 667 4456 eat
692 4391 943 4473 cnstoolr'cndnna,
968 4393 1011 4467 nt,
1038 4409 1098 4470 qno
1122 4408 1159 4453 cn
1181 4407 1295 4469 penne

111 4501 256 4581 coeperis
279 4500 502 4564 translationis
525 4496 581 4563 hoc
607 4499 744 4563 desinas.
