3230 5254
845 445 866 511 6

314 669 318 678 ·
345 641 466 724 Incipit
495 641 598 726 igitur
625 640 848 725 fragmentum
871 661 892 709 a
916 641 1027 710 verbis
1063 642 1333 716 <Pbi>iodomi
1360 643 1431 710 tos:

254 752 337 833 pitia
370 751 481 832 filiam
498 770 561 831 per
594 751 658 816 cim
692 754 842 833 stuprare
875 749 1084 831 temptaverit
1122 748 1338 831 supplendum
1367 756 1427 828 est,

256 865 293 923 nt
316 874 357 921 ex
384 854 598 937 sequentibus
629 854 738 923 elucet
760 854 857 938 {qood
904 855 1088 922 Euomeret
1123 854 1208 922 enirn
1240 854 1431 939 scholiasta,

259 981 344 1046 quae
366 962 468 1030 insint
490 962 525 1028 in
548 961 621 1045 ipsa
644 959 796 1028 oratione
819 961 1095 1058 singulacapita.
1142 961 1239 1030 Talia
1254 969 1365 1029 autom
1386 963 1431 1030 ad

258 1069 360 1150 multo
383 1070 568 1154 posteriora
594 1076 743 1151 tempora
765 1087 872 1150 quam
906 1068 940 1134 in
964 1068 1082 1150 quibus
1105 1067 1283 1138 Bobiensia
1305 1068 1431 1136 scholia

255 1175 442 1259 conscripta
475 1183 562 1258 sunt,
597 1181 759 1259 spectant.
809 1173 948 1256 Legesis
985 1175 1126 1242 omnium
1160 1173 1345 1242 orationum
1379 1194 1429 1242 ar·

254 1288 420 1366 gamaria,
443 1301 526 1364 quas
543 1279 715 1349 Bobiensis
732 1286 970 1348 commentatus
995 1290 1061 1348 est:
1091 1300 1132 1349 ne
1156 1280 1190 1348 in
1214 1301 1277 1349 nno
1302 1281 1430 1362 quidem

254 1389 354 1458 talem
376 1388 656 1476 enumerationem
678 1389 837 1456 invenies.
885 1390 932 1454 At
946 1389 1033 1470 apud
1049 1388 1372 1456 Pseudo-Asconium
1394 1388 1430 1455 in

255 1495 403 1564 omnibus
427 1495 686 1581 praefationibus
708 1497 789 1562 haec
813 1494 1061 1579 reperiuntnrd)
1107 1495 1224 1578 Itaque
1240 1513 1321 1574 curn,
1345 1515 1430 1577 quac

255 1603 443 1686 Madvigius
477 1604 517 1670 de
553 1603 661 1670 forma
687 1604 874 1686 argumenti
907 1601 941 1668 in
965 1602 1268 1672 Pseudo-Asconio·
1285 1601 1428 1685 exponit,

255 1709 299 1774 ad
322 1711 460 1777 verbnm
483 1710 559 1776 fere
577 1707 613 1775 in
636 1709 682 1773 Αι
707 1709 837 1792 cadant,
862 1710 962 1776 etiam
994 1707 1122 1776 initium
1155 1709 1251 1776 nobis
1274 1711 1429 1776 amissum

254 1817 322 1883 tale
351 1823 450 1898 atque
473 1814 561 1883 illius
584 1815 686 1883 fuisse
711 1817 893 1899 putandum
916 1821 975 1883 est.
1024 1816 1191 1883 Enarrata
1205 1816 1309 1900 igitur
1333 1823 1428 1883 erant

254 1922 370 2006 paucis
393 1922 590 2006 quaefacta
614 1930 691 1989 sunt
717 1923 805 1990 inter
819 1922 956 2007 primam
984 1930 1019 1990 et
1043 1925 1220 1991 secundam
1245 1922 1428 2005 actionem

255 2030 374 2097 deinde
397 2030 543 2114 capitum
566 2033 646 2097 ordo
670 2039 880 2098 enumeratur
906 2040 966 2098 est.
1014 2030 1106 2098 Haec
1129 2049 1233 2112 usque
1257 2032 1300 2096 ad
1324 2031 1430 2098 verba

259 2138 436 2225 Oppianico
447 2160 501 2205 rao
512 2139 655 2222 veneficii
669 2135 876 2220 pertinenti)
915 2135 1069 2204 Breviter
1086 2136 1205 2204 deinde
1221 2135 1429 2220 praefatione

255 2240 353 2309 finita
377 2245 416 2310 de
450 2242 796 2326 comperendinatione
820 2241 909 2326 dicit,
946 2262 1029 2324 quae
1064 2244 1165 2309 multo
1197 2243 1311 2312 melius
1338 2245 1429 2326 apud

255 2347 576 2418 Pseudo-Asconium
600 2349 646 2435 (p.
671 2348 749 2434 154)
766 2347 914 2431 exposita
930 2348 1126 2416 invenimus,
1172 2349 1303 2432 Pergit:
1328 2351 1428 2434 Quae-

255 2464 332 2524 nme
364 2460 465 2540 multi,
508 2479 606 2540 quare
647 2456 837 2538 appellator
860 2462 1026 2538 praeduro,
1066 2479 1137 2523 cum
1181 2465 1369 2540 quaesturae
1383 2477 1386 2486 ’
1400 2464 1430 2524 ec

258 2565 575 2652 lepato'oue'scrimioo
588 2564 796 2630 contiuentum
844 2562 891 2629 Ec
914 2564 1049 2630 dommus
1067 2565 1146 2644 ideo,
1160 2567 1237 2648 quia
1254 2569 1431 2645 praeturae

259 2673 397 2737 mentae
417 2674 568 2755 pociora
592 2677 677 2737 aaut.
724 2668 786 2735 His
809 2668 920 2737 verbis
944 2671 1152 2738 manfiestum
1177 2668 1216 2735 iit
1239 2689 1298 2737 nos
1315 2663 1430 2737 tenere

258 2781 471 2865 interpretem
495 2781 767 2849 recentissimum·
796 2782 923 2863 ζήτησις
945 2781 1030 2849 enim
1059 2790 1092 2850 et
1114 2783 1201 2860 λύσις
1217 2781 1312 2850 nobis
1335 2798 1431 2863 prae-

257 2891 354 2956 betur
388 2889 459 2955 eius
482 2888 623 2973 generis,
657 2891 748 2970 quod
770 2889 958 2973 Madvigius
989 2889 1069 2974 (1.1.
1093 2909 1169 2972 pag.
1194 2888 1249 2977 98)
1277 2889 1348 2955 inre
1372 2907 1431 2954 suo

258 3003 428 3084 extremae
457 2995 650 3077 antiquitati
677 2987 850 3080 adscribit,
882 2997 1033 3077 quodque
1057 2996 1332 3078 deprehendimus
1356 3013 1430 3061 cum

257 3102 293 3169 in
315 3103 603 3170 Pseudo-Asconio
632 3108 699 3168 tum
722 3101 756 3168 in
780 3102 908 3186 graecis
936 3102 1068 3169 scholiis
1097 3104 1335 3186 posterioribus
1358 3120 1431 3168 sae-

260 3209 342 3278 culis
369 3209 518 3277 redactis
554 3208 756 3292 saepissime.
803 3210 920 3291 Itaque
956 3228 1027 3276 cum
1059 3210 1168 3277 omnia
1196 3209 1291 3276 hnins
1325 3207 1430 3292 partis

257 3317 383 3384 scholia
406 3318 458 3383 his
482 3325 665 3399 congruant
690 3358 730 3366 —
756 3316 876 3382 etenim
900 3336 983 3398 quae
1000 3315 1096 3384 affert
1119 3316 1232 3396 400ae
1280 3315 1429 3394 401,1.10.

258 3450 293 3494 ιι.
318 3450 353 3493 15.
377 3449 413 3494 31.
441 3449 479 3494 so.
533 3422 631 3503 4021.
653 3448 675 3494 a.
698 3449 719 3493 5.
762 3423 959 3506 praesertim
999 3430 1108 3490 autem
1151 3423 1274 3491 scholia
1316 3420 1430 3501 eoem.

258 3528 357 3614 teto.
379 3557 400 3602 3.
424 3556 458 3600 12.
483 3557 518 3600 ιι.
543 3557 576 3600 ιι.
600 3555 635 3600 aa.
661 3538 828 3598 extremae
853 3531 974 3597 aetatis
996 3530 1211 3614 interpretem
1228 3531 1371 3613 produnt
1387 3567 1432 3577 —

257 3638 300 3703 Α]
327 3638 371 3703 ad
392 3645 542 3720 tempora
564 3638 845 3705 Pseudo-Asconii
868 3639 1081 3721 relegandum
1106 3639 1262 3724 censeoi)
1360 3663 1361 3670 ¹

280 3887 283 3895 .
329 3815 350 3884 ⁵)
369 3817 401 3870 cf.
421 3815 493 3883 sepa
510 3831 566 3884 sqq.
589 3815 676 3882 l‘lsspa
694 3830 751 3882 sqq.
772 3816 860 3878 155,13
878 3830 936 3883 sqq.
955 3815 1044 3882 respo
1063 3831 1120 3884 sqq.

330 3905 350 3972 6)
370 3905 446 3971 Quod
469 3920 532 3958 vero
556 3907 633 3955 morlia
661 3906 688 3954 in
710 3907 751 3954 his
777 3907 940 3955 observatione
967 3906 1125 3955 exactissima
1139 3906 1268 3971 designata
1282 3919 1341 3957 esse
1360 3903 1430 3974 dicit,

258 3994 391 4062 Stanglius
410 3993 493 4047 verbs
511 3994 548 4062 (p.
570 3993 613 4061 10)
640 3993 672 4046 de
691 3992 821 4062 prioribus
845 3993 1094 4046 commentatoribus
1122 3993 1225 4062 occipit,
1252 3991 1375 4061 equidem
1400 4007 1434 4046 es

257 4084 291 4138 ad
309 4083 462 4137 Ciceronem
480 4083 574 4137 refero.
594 4113 628 4122 —
647 4082 743 4151 Neque
761 4084 825 4150 puto
842 4082 912 4134 hanc
924 4082 1114 4150 praefationem
1133 4097 1235 4150 revera,
1255 4085 1285 4135 ut
1298 4080 1438 4148 Stanglius-

259 4173 294 4241 (p.
314 4171 358 4236 11)
377 4171 519 4240 contendit,
539 4173 572 4225 ad
584 4187 676 4225 omnes
689 4171 815 4225 Veninas
834 4171 978 4242 pertinere5
998 4171 1047 4224 hoo
1060 4171 1147 4225 verbis
1165 4177 1228 4224 satis
1239 4181 1323 4222 autem
1335 4179 1439 4235 coactae

259 4280 341 4314 enrnes
367 4264 395 4313 in
429 4264 528 4312 Verrem
556 4265 679 4312 orationes
709 4273 768 4312 ante
795 4263 944 4329 aedilitatem
974 4263 1053 4311 editas
1082 4279 1131 4312 erse
1162 4261 1272 4315 minime
1302 4258 1433 4314 evincitur

259 4354 339 4420 atque
358 4351 390 4405 ab
408 4355 521 4419 opusculo
540 4351 656 4406 alienum
675 4352 779 4405 videtur
798 4352 841 4420 (of.
862 4350 1125 4410 PseudmAsoonium
1143 4369 1168 4420 p.
1189 4351 1242 4405 154
1260 4357 1286 4404 et
1307 4349 1376 4418 155).
1438 4424 1442 4429 ¹

333 4440 351 4508 ⁷)
371 4441 497 4495 Conieras
517 4439 597 4494 velim
623 4457 684 4494 omn
704 4441 792 4510 13833'
811 4456 867 4508 sqq.
888 4457 955 4510 quae
983 4439 1091 4494 adnotat
1113 4441 1146 4494 ad
1164 4442 1316 4507 idias-30,
1336 4437 1433 4492 deinde

258 4529 359 4586 scholia
377 4531 452 4602 reip
466 4533 493 4585 et
509 4529 607 4594 402po.
