3230 5254
204 629 306 711 Qum
329 627 578 706 inconspicuas,
604 627 715 693 moino
740 627 935 712 Poilrppioo,
961 629 1087 709 famae!

210 732 350 800 Volcania
372 754 393 797 o
409 735 525 816 primo
548 755 628 818 quoe
644 737 806 815 prooimo.

200 840 324 906 Nomen
361 837 468 922 ipsum
502 858 566 906 non
598 839 730 908 videtur
759 843 800 907 ab
833 842 983 908 omnibus
1011 851 1176 924 receptum
1202 862 1285 911 esse:

106 946 238 1014 Gellius
263 945 383 1026 ubique
406 948 447 1014 de
474 948 673 1014 Antoniana
695 947 849 1028 loquitur.

201 1055 274 1120 Iam
299 1054 342 1120 ad
365 1053 557 1121 Diomedem
580 1054 762 1121 veniamus.
809 1056 847 1121 In
872 1055 958 1121 illius
985 1054 1071 1122 enim
1086 1056 1170 1122 libro
1186 1056 1289 1138 primo

106 1159 264 1248 (gramm.
287 1160 362 1227 latt.
395 1163 419 1246 Ι,
444 1159 574 1247 eoem.)
609 1162 692 1228 haec
715 1160 942 1229 inveniuntur:
977 1162 1087 1229 Cicero
1117 1185 1290 1231 camorana

107 1269 236 1334 deamo
261 1271 372 1334 tertio:
392 1291 447 1352 „re
468 1269 595 1336 nendilo
607 1272 723 1336 iterum
736 1272 868 1354 empto.“
907 1270 1110 1354 Quaeverba
1130 1271 1290 1337 cumliboo

111 1375 334 1458 supplendum
365 1394 437 1442 esse
468 1395 562 1442 nemo
586 1395 650 1443 non
675 1377 799 1463 videat,
824 1376 910 1444 falso
935 1379 976 1442 ab
1000 1376 1179 1445 editoribus
1202 1379 1291 1444 inter

111 1480 305 1564 fragmenta
328 1501 368 1549 ex
391 1482 632 1550 commentariis
656 1501 829 1550 causarum
852 1483 960 1567 posita
984 1482 1115 1570 sunum).

206 1607 321 1688 ltaque
343 1607 553 1691 indagandus
577 1609 670 1676 nobis
694 1614 747 1675 est
761 1610 840 1675 ordo
858 1628 920 1690 quo
938 1632 1107 1676 consorano
1124 1609 1291 1677 Ciceronis

114 1733 230 1795 eorpus
264 1713 458 1797 dispositum
490 1715 544 1783 sit.
591 1716 694 1800 Quem
730 1715 994 1799 chronologicum
1024 1714 1126 1782 fuisse
1150 1718 1291 1799 spondet

114 1821 197 1888 haec
219 1819 337 1888 series:

189 1945 289 2028 Ipro
316 1945 477 2048 Quinctio.
750 1948 799 2013 IV
821 1967 880 2030 pro
904 1947 1024 2013 Roscio
1048 1950 1211 2028 comoedo.

176 2055 212 2122 ll
236 2073 295 2136 pro
319 2053 394 2120 Sex.
419 2054 547 2121 Roscio.
770 2055 800 2119 V
824 2075 883 2138 pro
908 2055 1023 2122 Tullio.

153 2163 209 2228 III
233 2181 290 2244 pro
316 2163 459 2228 Vareno.
752 2161 915 2229 VI—XIl
939 2161 973 2227 in
997 2163 1146 2229 Verrem.

524 2269 613 2336 XIII
636 2289 694 2352 pro
718 2269 870 2336 Fonteio.

200 2395 271 2459 Iam
303 2395 337 2461 in
365 2394 491 2478 ultima,
532 2412 616 2476 quae
651 2397 745 2460 nobis
768 2394 923 2460 lacunosa
955 2400 1089 2462 servata
1117 2400 1177 2476 est,
1209 2394 1289 2460 haec

110 2501 217 2566 verba
248 2502 333 2582 apud
363 2501 554 2568 Diomedem
589 2501 726 2569 inventa
762 2502 913 2583 ponenda
939 2519 1011 2566 esse
1036 2501 1160 2566 elucet:
1185 2499 1233 2566 sic
1256 2508 1290 2566 et

112 2626 235 2676 novum
253 2607 455 2675 Fonteianae
479 2609 701 2692 fragmentum
717 2608 885 2674 lucramur
902 2612 936 2672 et
950 2607 1085 2687 reliquis
1108 2609 1289 2673 orationum

108 2715 249 2798 syllogis
279 2734 398 2783 novum
431 2738 545 2800 corpas
574 2724 739 2798 anteaque
768 2715 924 2796 ignotum·
944 2716 1116 2780 consonum
1144 2733 1185 2779 ex
1208 2721 1288 2780 tem-

15 2831 16 2837 ’
106 2842 228 2904 porum
253 2823 339 2889 serie
365 2823 596 2905 dispositarum
622 2823 840 2906 adiungimus.

202 2929 409 3014 Compositis,
449 2950 534 3012 quae
575 2949 615 2995 ex
654 2929 843 2996 auctoribus
880 2929 1000 2996 elicere
1038 2927 1210 3012 potuimus,
1247 2929 1290 2994 ad

13 3039 17 3060 ³
112 3039 242 3104 codices
266 3044 483 3104 transeamus.
530 3037 729 3119 liquibus,
767 3044 803 3101 ut
833 3055 894 3119 par
918 3044 983 3117 est,
1012 3037 1151 3116 primum
1185 3034 1288 3101 locum

110 3143 319 3228 palimpsesti
336 3151 458 3211 tenent.
522 3146 587 3212 Sed
624 3143 888 3226 perincommode
929 3141 1064 3224 accidit,
1106 3143 1191 3222 quod
1214 3149 1290 3223 post·

13 3259 17 3283 ³
107 3253 312 3336 Peyronium
337 3271 432 3318 nemo
456 3251 651 3334 fragmentis
673 3249 933 3317 Taurinensibus
957 3249 1006 3316 ita
1029 3267 1162 3332 operam
1187 3247 1287 3331 dedit,

13 3447 14 3450 Ἴ
106 3367 145 3427 ut
169 3359 367 3440 intellegere
380 3361 552 3441 possimus,
578 3378 641 3440 quo
659 3359 774 3426 ordine
790 3359 825 3424 in
842 3360 977 3438 antiquo
990 3355 1103 3421 codice
1119 3353 1287 3420 orationes

106 3486 180 3534 sese
221 3465 421 3549 exceperint.
482 3467 601 3538 Adhuc
644 3465 678 3546 id
717 3471 845 3532 tantum
885 3469 1099 3546 perspectum
1130 3463 1288 3527 habemus

106 3573 221 3644 virum
248 3573 623 3640 doctumXorationum
650 3573 837 3656 fragmenta
861 3571 1057 3655 indagasse3
1088 3588 1150 3650 quo
1175 3568 1288 3636 ordine

14 3684 16 3716 ³
110 3681 295 3764 dispositae
322 3680 455 3765 fuerint,
484 3680 657 3748 nescimus
704 3681 754 3745 Ne
777 3679 808 3744 R
833 3678 874 3744 57
899 3676 1117 3743 Ambrosiano
1146 3675 1286 3760 quidem,

13 3823 14 3830 κ
113 3787 168 3866 qui
192 3787 342 3855 continet
364 3795 478 3870 partes
502 3787 716 3866 Scaurianae,
752 3785 935 3863 Tullianae,
966 3783 1166 3849 Flaccianae
1197 3783 1287 3850 adiu-

114 3913 230 3961 vamur
253 3895 289 3961 in
306 3899 499 3977 quaestione
515 3895 683 3963 solvenda.
729 3894 779 3959 De
803 3892 966 3960 Vaticano
979 3890 1131 3957 Palatino
1149 3890 1192 3955 24
1207 3908 1287 3958 vero

13 4003 20 4038 ²⁰
112 3999 363 4090 Niebuhriusss)
401 4002 541 4070 rettulit.
603 4004 721 4068 Insunt
755 4003 788 4066 in
832 3999 888 4066 illo
927 4005 1039 4082 partes
1073 3999 1287 4080 Fonteium,

108 4109 327 4190 Rabirianam,
362 4111 556 4179 Roscianae.
607 4111 654 4176 Ilt
687 4128 759 4174 oum
790 4109 830 4174 de
869 4107 975 4190 prIma
1005 4104 1096 4187 nihil,
1136 4106 1222 4186 quod
1246 4107 1289 4171 ad

108 4215 262 4285 ordinem
287 4216 418 4302 attinet,
443 4217 584 4284 sciamus
608 4255 648 4264 -
674 4235 749 4282 nam
774 4214 927 4280 mutilata
950 4218 1001 4278 est
1025 4217 1059 4277 et
1081 4212 1175 4278 initio
1199 4210 1290 4278 etin

182 4397 219 4465 ¹⁰)
239 4395 354 4467 Decepti
372 4398 443 4464 sunt,
461 4395 490 4447 ni
508 4393 593 4463 fallor,
613 4393 703 4451 verbis
723 4391 877 4459 Quintiliani
895 4391 932 4459 X,
952 4392 1013 4458 7‚30.

183 4487 219 4554 ¹¹)
239 4485 277 4540 Id.
296 4485 373 4539 nula
392 4485 526 4541 (liceronis
546 4528 553 4539 .
573 4525 579 4540 .
601 4528 607 4540 .
625 4486 775 4553 fragmenta
793 4485 844 4538 ete.
862 4483 971 4536 Romae.
992 4481 1069 4536 1820.
