3230 5254
702 398 914 500 -ti-

227 597 410 663 nenvillam
433 618 522 662 nerno
546 595 684 662 lecirerus
706 598 757 672 sii,
783 599 813 660 si
835 617 890 679 epo
913 597 997 661 nitu
1019 596 1218 676 rescripsero,
1242 593 1346 656 menni
1364 595 1403 658 iu

191 747 194 754 ·
221 705 313 772 iilum
331 706 429 787 pueri
451 723 557 770 umms
581 708 747 784 tanquam
771 702 891 768 dicinia
908 703 1104 786 perdiscant.

312 811 437 877 Eodem
472 793 621 894 tempore
663 807 762 874 etiam
797 827 831 874 se
863 806 1079 901 Seauriauam
1114 814 1148 872 et
1185 802 1401 871 Plancianum

223 917 405 984 absolvisse
429 914 552 983 scribit.
1309 983 1314 992 ,p

234 1088 235 1094 ,
311 1022 422 1113 Etiam
446 1039 503 1090 eas
527 1040 654 1099 causas,
680 1040 761 1103 quas
785 1039 892 1087 coram
915 1019 1056 1087 Caesare
1081 1015 1160 1102 egit,
1185 1032 1221 1084 ut
1243 1037 1305 1102 par
1319 1025 1400 1097 est„

223 1129 405 1214 separatim
440 1127 574 1224 edidit„
601 1129 652 1194 De
697 1126 747 1193 his
782 1127 893 1212 paulo
928 1125 1118 1194 accuratius
1152 1124 1259 1193 edocti
1294 1143 1404 1192 sumus

222 1238 262 1316 Iu
302 1235 445 1322 epistula
487 1234 574 1301 euim
618 1235 660 1300 ad
694 1234 843 1302 Atticum
878 1232 1004 1318 scripta
1039 1232 1161 1318 (XIII,
1197 1229 1281 1318 iza)
1315 1251 1402 1300 auno

225 1340 344 1429 709145
368 1344 454 1408 haec
472 1340 609 1426 scribit:
636 1343 850 1426 liparianani
868 1341 1036 1424 procedure
1050 1341 1236 1406 vendidisti:
1259 1340 1401 1422 postiae,

224 1450 381 1533 quidquid
418 1451 592 1531 scripsero,
629 1449 687 1513 tibi
715 1447 1102 1530 praeconiumdeserern.
1154 1447 1270 1528 ltaque
1295 1447 1403 1513 oratio

227 1555 291 1622 iam
332 1563 398 1621 tum
437 1553 593 1638 evulgata
627 1562 706 1620 erat.
767 1555 840 1620 Nou
872 1552 920 1620 ita
959 1553 1058 1619 multo
1096 1561 1171 1637 post
1205 1553 1313 1638 (XIII,
1342 1550 1402 1638 30)

226 1680 298 1727 eam
326 1680 346 1726 a
369 1661 473 1729 Balbo
498 1668 532 1727 et
555 1661 659 1745 Oppio
684 1662 850 1727 laudatam
875 1671 974 1742 atque
999 1661 1097 1726 etiam
1116 1659 1249 1726 Caesari
1272 1659 1403 1726 missam

225 1787 297 1836 esse
334 1768 455 1835 scribit.
513 1767 590 1834 Alia
624 1768 766 1852 epistula
802 1767 916 1852 (XIII,
957 1765 1011 1848 20,
1023 1767 1050 1854 a)
1084 1768 1141 1832 Aci
1175 1767 1401 1853 In'parionarn,

223 1873 339 1956 inquitg
362 1875 399 1940 eie
419 1896 517 1940 neore
539 1877 711 1942 Tuberonis
731 1883 759 1941 ei
775 1878 931 1959 prioipne
945 1861 1045 1958 neque
1054 1895 1189 1958 possum
1205 1877 1270 1939 iarn
1283 1874 1402 1940 addere

224 2019 269 2028 —
301 1988 347 2047 esi
379 1983 462 2046 enirn
491 1983 687 2066 pervnipaio
719 2019 762 2031 -
797 2004 894 2065 neque
926 1983 1118 2047 Tuberonem
1144 1981 1212 2047 noio
1247 1981 1405 2062 offendere

225 2093 359 2174 rniriiice
375 2101 419 2160 est
435 2095 518 2158 enirn
530 2095 695 2182 φιλαίτιος
719 2096 878 2159 tieotrurn
889 2095 1016 2176 quiden
1033 2114 1111 2159 sone
1127 2095 1241 2159 bellurn
1254 2093 1401 2178 habuisti.

226 2201 303 2265 Alia
327 2198 436 2284 (XIII,
462 2199 528 2286 44.)
552 2199 698 2265 Atticum
722 2209 829 2283 rogat,
854 2208 892 2266 ut
914 2201 952 2266 L.
969 2198 1109 2266 Corfidii
1132 2218 1249 2266 nomeu
1265 2197 1404 2266 tollatur

228 2325 269 2372 ex
292 2305 438 2372 omuibus
462 2305 566 2374 libris.
613 2306 705 2390 Quod
728 2312 838 2373 umen
863 2315 922 2373 aut
943 2304 1064 2372 iactum
1090 2306 1219 2373 omniuo
1250 2325 1314 2373 nou
1339 2312 1400 2387 est,

227 2423 287 2479 aut
317 2413 350 2478 iu
375 2413 567 2494 quibusdam
591 2419 718 2506 tautum
742 2413 851 2480 libris:
884 2433 964 2494 quos
993 2433 1053 2481 uos
1080 2422 1229 2481 tenemus
1261 2413 1402 2494 codices

227 2531 339 2586 omues
388 2518 469 2585 illud
520 2539 637 2586 nomen
676 2520 844 2586 exhibent.
913 2520 1162 2587 Deiotariauam
1206 2518 1401 2588 Dolabellae

225 2625 355 2710 petenti
379 2625 468 2692 misit
492 2627 548 2710 (ad
575 2627 640 2693 div.
666 2627 725 2706 IX,
755 2627 845 2712 lie).
875 2628 985 2692 Etiam
1003 2627 1089 2692 hanc
1104 2626 1207 2709 igitur
1222 2625 1401 2712 separatim

207 2731 342 2800 sedidlt.

321 2838 427 2922 Quare
467 2857 588 2904 morem
624 2839 726 2905 fuisse
755 2841 800 2907 Μ.
831 2838 932 2906 Tullii
966 2849 1098 2907 constat
1129 2839 1294 2906 orationes
1325 2857 1404 2904 exa-

225 2953 319 3012 ratas
360 2952 525 3011 correctas
569 2953 769 3012 retractatas
811 2945 958 3029 singulas
999 2947 1108 3012 edere.
1167 2947 1277 3027 Atque
1314 2945 1402 3011 idem

226 3054 325 3119 etiam
358 3050 476 3118 fecisse
506 3069 576 3117 eum
605 3051 800 3135 Philippicis
831 3052 953 3119 habitis
988 3061 1089 3120 testes
1129 3060 1206 3118 sunt
1240 3049 1405 3135 epistulae

225 3158 322 3224 Bruti
359 3167 393 3222 et
429 3159 533 3240 ipsius
562 3159 606 3224 M.
639 3159 750 3237 Tullii,
780 3176 864 3239 quae
895 3165 1011 3225 extant
1039 3158 1074 3224 in
1101 3159 1186 3224 libro
1216 3158 1264 3237 II,
1298 3159 1404 3225 tertia

226 3273 261 3332 et
285 3275 417 3347 quarta:
443 3263 566 3331 Scribit
590 3266 713 3332 Brutus
740 3265 817 3351 (ΙΙΙ,
842 3264 889 3351 4);
929 3268 1009 3352 Lepi
1032 3271 1189 3333 orationes
1211 3268 1294 3332 cinos
1316 3273 1400 3346 inus,

225 3391 359 3455 qnarnrn
383 3374 485 3438 altero
509 3372 589 3438 Καὶ.
616 3374 690 3438 Ion.
716 3393 793 3438 nsns
817 3394 858 3455 es,
885 3375 987 3438 nitere
1009 3376 1047 3440 de
1069 3375 1183 3440 liiieris
1205 3375 1292 3452 ineis,
1321 3391 1404 3454 pune

227 3480 337 3544 hodite
369 3484 413 3544 esi
443 3480 500 3544 nis
527 3487 556 3544 te
591 3486 699 3546 contre
734 3479 907 3545 Calenum.
926 3529 933 3544 .
952 3529 983 3544 ..
1014 3483 1081 3545 ium
1112 3480 1254 3561 eonoedo,
1288 3485 1324 3543 nt
1351 3481 1404 3544 eei

228 3585 406 3668 Philippici
428 3592 584 3664 necentur,
617 3587 699 3669 quoi
721 3593 756 3652 in
776 3587 916 3670 prindein
940 3589 1078 3667 epistula
1101 3589 1209 3652 iocans
1231 3588 1401 3667 scripsisti.

225 3689 320 3758 Haec
358 3693 462 3758 rerba
491 3693 533 3757 ad
565 3693 595 3757 V
623 3703 657 3759 et
686 3693 718 3758 Χ
749 3694 928 3760 orationem
962 3700 1125 3778 spectant.
1173 3694 1301 3759 Deinde
1327 3692 1399 3776 ipse

225 3797 338 3863 Cicero
363 3795 433 3876 (IV,
452 3798 485 3883 2)
503 3799 591 3864 Mihi
606 3804 710 3878 etiarn,
735 3798 852 3881 iuquit,
879 3800 938 3883 (sc.
957 3801 1116 3886 gratulor)
1134 3803 1188 3882 pni
1203 3806 1403 3883 repnpnnnie

226 3911 255 3971 ei
283 3907 439 3971 irascente
476 3905 588 3971 Panse
629 3909 818 3972 sententian
846 3908 996 3986 dixerim,
1029 3915 1065 3973 ni
1092 3907 1294 3972 Dolabellam
1323 3907 1401 3972 deuo

227 4011 360 4079 Cassius
376 4018 619 4096 persequeretur
642 4031 669 4078 e.
694 4033 723 4094 q.
748 4031 772 4078 s
797 4013 934 4080 deiude:
966 4016 1042 4079 iaec
1072 4015 1116 4080 od
1144 4021 1174 4079 ie
1206 4016 1307 4078 oratio
1325 4034 1401 4094 per·

225 4120 364 4202 inetur,
419 4122 569 4201 qnoniam
615 4125 643 4184 te
688 4120 778 4186 video
829 4121 978 4186 delectori
1025 4120 1220 4204 Philippicis
1271 4121 1400 4185 eosne.

226 4225 287 4290 His
311 4225 354 4290 ad
378 4223 430 4289 XI
454 4224 637 4292 orationem
661 4225 806 4310 respicit.
914 4303 917 4310 ,

317 4330 424 4397 Semel
449 4339 561 4399 autem
586 4333 626 4397 de
653 4333 887 4399 cousuetudine
916 4333 1064 4417 singulas
1091 4333 1256 4400 orationes
1279 4329 1399 4397 edendi

226 4437 385 4504 decessit:
409 4439 442 4505 iu
468 4441 526 4520 eie,
551 4458 633 4520 quas
657 4458 740 4506 anno
765 4436 884 4525 691163
907 4440 1030 4506 habuit.
1077 4440 1153 4524 Ipse
1177 4439 1263 4506 euim
1287 4435 1400 4505 Attico
