3230 5254
16 1299 24 1334 l

654 407 867 507 „tl-

263 605 324 671 His
360 604 517 671 coniectis
563 605 628 670 iarn
668 606 711 669 ad
745 609 907 685 auctores,
944 623 1025 685 quos
1064 602 1216 669 adhibuit
1255 605 1347 670 scho-

175 712 274 776 liasta
298 711 455 778 venimus.
503 715 613 792 Atque
637 711 690 777 hic
707 713 754 778 eis
779 730 862 792 quae
890 709 1097 777 Geumitzius
1122 710 1349 794 Schillingius·

177 837 239 898 que
263 818 475 902 scripserunt,
500 837 608 901 pauca
631 817 784 884 addenda
808 824 897 884 sunt:

264 924 406 1008 Optime,
438 926 598 1006 quomodo
624 925 781 991 Cicerone
809 943 886 990 usus
911 925 954 990 sit
977 925 1155 990 scholiasta
1186 925 1238 990 his
1267 926 1348 991 loeis

173 1033 434 1098 demonstratur:

262 1137 378 1219 atam,
425 1143 516 1222 Quod
530 1141 574 1206 art
594 1161 683 1224 repes
693 1143 856 1220 pertineat
881 1189 888 1203 .
914 1191 920 1203 .
946 1190 953 1204 .
978 1146 1152 1220 superatos,
1177 1140 1349 1223 Tipranenr
1458 1169 1461 1178 ·

172 1248 334 1330 sipnisinat
362 1248 536 1312 Arrneniae
567 1255 595 1312 et
629 1247 857 1340 Mithridatem
888 1245 1111 1327 Cappadociae
1143 1267 1257 1330 repara.
1309 1244 1350 1310 cf·

169 1372 228 1433 pro
252 1353 374 1418 Flacco
400 1352 418 1438 ξ
444 1351 496 1431 61,
515 1353 571 1419 ubi
586 1339 702 1419 Cicero
718 1352 943 1418 Mithridatem
959 1353 1177 1436 Cappadocem
1193 1353 1347 1434 appellat.

260 1458 380 1542 303,13‚
412 1511 415 1518 ,
445 1463 496 1543 (Q.
537 1461 728 1526 lihrrneriarn
764 1461 906 1542 Rufum)
943 1461 1121 1525 nitedaiern
1156 1462 1347 1541 nonrinaeit;

164 1569 253 1649 qnod
286 1569 410 1634 videtur
449 1589 513 1632 esse
548 1571 650 1633 rnnris
682 1588 791 1650 penas,
824 1572 859 1630 nt
892 1572 1027 1648 apparet
1060 1587 1098 1630 en
1128 1568 1217 1631 uerbo
1243 1617 1249 1633 .
1274 1619 1280 1631 .
1307 1615 1347 1629 ..

171 1675 383 1750 ,‚aetroctere.“

261 1778 377 1862 aaut,
434 1782 559 1846 Revera
601 1782 727 1864 quietern
773 1781 805 1848 S.
843 1772 878 1847 C.
916 1782 954 1845 cte
991 1778 1138 1847 Cicerone
1174 1781 1347 1845 revocando

168 1890 296 1970 facturn
331 1909 396 1952 esse
424 1890 460 1952 in
491 1887 649 1968 Capitolio
677 1890 807 1967 dicitnr3
843 1909 903 1970 qno
935 1890 1039 1969 ncapts
1069 1908 1228 1952 moremur
1257 1887 1347 1952 arise-

165 1998 333 2062 oerate'cne
358 1993 529 2076 Ciceronis,
554 1997 610 2077 qai
632 2017 717 2060 nnnc
739 1997 826 2061 dieat
848 1997 883 2059 in
908 1995 1021 2077 ternpio
1046 1993 1182 2060 Virtutis
1203 1993 1260 2058 hoe
1282 2015 1348 2058 esse

167 2102 338 2166 deeretnrn.
387 2098 428 2166 cf.
461 2099 565 2182 autin:
624 2101 666 2166 In
694 2102 807 2183 ternple
831 2102 950 2167 seilicet
974 2101 1118 2166 Honoris
1141 2107 1171 2165 et
1201 2099 1346 2178 Virtutis,

163 2209 202 2272 in
227 2229 289 2289 qao
314 2213 419 2273 aetarn
436 2211 581 2290 prirnnrn
603 2209 731 2273 uidetur
754 2209 792 2274 eie
814 2211 1011 2274 restitutione
1036 2207 1205 2273 Ciceronis.

259 2312 377 2392 364‚10‚
436 2315 486 2378 M.
537 2315 615 2380 Cato
650 2316 705 2380 ilie
754 2314 924 2380 Censorias
966 2321 994 2379 et
1039 2315 1087 2378 Ti.
1126 2313 1347 2380 Coruncanius
1463 2310 1467 2316 ’

162 2426 303 2502 sanant
334 2444 349 2486 e
378 2424 553 2503 municipio
592 2423 770 2487 Tusculano
803 2440 820 2484 e
844 2419 1026 2486 Planciano
1051 2420 1135 2504 (cap.
1160 2419 1267 2504 VllI.)
1292 2421 1346 2484 de·

163 2537 303 2608 sumpta
327 2541 412 2592 sunt.
536 2541 538 2544 ·

257 2635 450 2714 Praeterea,
476 2653 672 2715 quamquam
696 2635 842 2699 dubitari
865 2635 990 2716 nequit,
1016 2633 1072 2721 (cf.
1098 2654 1128 2716 p.
1155 2631 1345 2718 311-313)

161 2741 246 2820 quin
285 2741 422 2824 Nepotis
456 2743 543 2807 vitas
573 2741 814 2823 Themistoclis,
854 2740 1022 2822 Aristidis
1052 2739 1222 2823 Miltiadis,
1255 2739 1346 2806 Han-

161 2847 291 2913 nibalis
316 2847 539 2932 exscripserit,
565 2849 678 2914 mirum
704 2850 835 2914 videtur
867 2850 1026 2914 adnotare
1062 2847 1273 2914 scholiastam
1304 2849 1346 2914 ad

160 2968 272 3038 caput
308 2955 374 3020 VH
406 2956 604 3022 Flacciauae
628 2954 775 3041 (236‚25):
805 2957 914 3035 „Turn
937 2959 1053 3038 optirne
1076 2959 1205 3022 neerites
1228 2959 1309 3021 cives
1330 2977 1347 3019 e

160 3065 298 3127 civitate
314 3064 505 3128 eiciebant‘:
531 3063 682 3147 Lepirnns
699 3067 783 3128 enirn
806 3065 900 3129 daces
923 3065 1079 3128 manirnos
1102 3068 1130 3126 et
1145 3063 1287 3127 illustres
1310 3066 1346 3126 in

157 3171 301 3234 exiliant
346 3171 507 3252 reiepates⁴
541 3171 580 3235 ah
619 3171 866 3236 Atheniensibus
902 3171 950 3235 nel
989 3172 1084 3235 ctione
1129 3173 1166 3232 in
1211 3151 1347 3235 vinealis

155 3283 302 3354 necatos,
339 3282 375 3342 at
402 3277 596 3359 Miltiadem,
634 3278 887 3358 Themistoclen,
916 3278 1105 3360 Aristiden,
1135 3276 1343 3342 Alcibiaden.

154 3383 282 3464 Neque
307 3382 391 3447 enirn
415 3383 594 3450 verisimile
626 3391 677 3450 est
704 3385 786 3450 haec
809 3387 912 3452 verba
936 3399 1066 3466 sumpta
1100 3402 1172 3448 esse
1201 3403 1242 3448 eu
1273 3383 1344 3448 loco

156 3511 179 3553 a
205 3489 301 3555 Maio
326 3490 470 3571 laudato,
496 3491 574 3576 (Cic.
599 3493 639 3558 de
663 3511 732 3574 rep.
757 3491 784 3571 I,
810 3491 845 3575 3)
872 3510 944 3556 cum
963 3489 1010 3555 ihi
1033 3489 1192 3556 Miltiadis
1217 3496 1344 3555 tanturn

154 3595 464 3678 Themistoclisque
497 3597 619 3663 mentio
653 3597 721 3664 fiat.
768 3600 886 3679 Itaque
918 3603 976 3663 aut
1006 3597 1064 3661 illa
1095 3615 1112 3661 e
1143 3597 1270 3680 Nepote
1306 3598 1346 3662 do

154 3703 230 3770 alio
260 3704 492 3770 commentario
517 3704 692 3787 descripsit
715 3713 772 3769 aut
797 3706 952 3787 deceptus
977 3716 1027 3770 cst
1044 3685 1208 3770 memoria.
1345 3705 1347 3711 “

260 3809 482 3877 Gravissimus
507 3818 614 3878 autem
647 3819 698 3877 est
725 3812 815 3876 locus
839 3811 1010 3876 Plinianus
1046 3812 1090 3876 ad
1125 3811 1344 3877 definiendum

149 3917 394 3985 commentarii
417 3931 554 4001 tempus.
604 3917 713 4001 Quare
736 3938 807 3984 cum
832 3918 888 3983 illo
913 3919 1015 3986 verba
1039 3918 1237 3983 scholiastae
1262 3937 1344 3982 oom-

150 4025 303 4110 paraho,
329 4042 370 4089 ne
395 4025 543 4105 cuiquam
569 4027 699 4091 dubium
715 4059 717 4065 ,
732 4044 805 4090 esse
830 4024 934 4109 possit
965 4043 1084 4091 revera
1116 4024 1219 4108 ipsius
1243 4024 1345 4090 Plinii

150 4136 276 4200 verba
301 4151 321 4196 a
345 4131 503 4198 Bobiensi
527 4132 674 4217 excripta
700 4152 782 4199 csse.

147 4317 275 4378 tempus
294 4309 410 4376 pertinet
430 4326 482 4377 quo
507 4309 554 4362 illa
569 4313 672 4362 mortua
694 4315 742 4377 est,
763 4326 817 4363 non
832 4309 922 4362 solum
940 4310 973 4362 ad
995 4309 1029 4376 id,
1049 4325 1101 4376 quo
1115 4308 1164 4362 vir.
1207 4307 1283 4372 Quod
1302 4308 1345 4360 hic

147 4397 315 4456 evincitur:
345 4398 413 4450 Nam
434 4400 492 4452 iure
512 4415 571 4452 cum
591 4401 695 4451 mortua
714 4403 793 4468 esset,
823 4399 940 4452 bonoad
970 4399 1056 4450 virum
1077 4397 1271 4465 pervenissent,
1294 4398 1345 4451 nisi

147 4488 279 4542 Flaccus
298 4502 327 4540 se
340 4487 549 4554 interposuisset.
