3230 5254
673 506 715 512 ,,
746 411 886 512 n.-

194 616 296 696 pusset
326 609 370 693 (p.
403 606 519 692 248,15)
552 608 694 688 spuriam
724 625 796 674 esse
825 607 992 676 intellexit
1023 605 1297 688 compilatamque
1329 621 1370 668 ex

197 715 311 785 ceteris
336 714 540 780 orationibus
563 712 732 780 Tullianis

283 821 345 888 His
368 822 470 887 rebus
493 839 567 886 cum
598 820 731 888 minime
761 823 969 904 spernendus
1002 820 1157 887 videatur
1180 816 1370 900 scholiasta,

195 931 357 996 etaltera
385 933 481 1012 parte
511 927 721 996 enumerandi
754 935 830 994 sunt
853 930 926 1012 loci,
963 927 1140 1008 inquibus
1169 924 1371 1008 explicandis

194 1035 331 1106 erravit.
894 1045 895 1048 ’

284 1144 335 1210 De
360 1143 464 1226 neap
488 1147 523 1209 et
546 1140 651 1226 236,2=,
673 1142 737 1208 iam
763 1142 887 1209 dictum
912 1150 963 1208 est
986 1141 1029 1228 (p.
1056 1141 1121 1228 59.)

284 1250 390 1332 amp,
413 1249 599 1332 proscidere
624 1249 815 1316 Ciceronem
839 1248 922 1316 dicit
945 1248 1095 1316 Laelium
1120 1248 1191 1334 (pro
1208 1247 1373 1332 Lucceio).

192 1359 268 1426 Hoc
307 1357 443 1440 gravius
481 1364 560 1439 puto
599 1357 731 1440 vitium,
771 1375 869 1436 quam
916 1364 953 1423 ut
990 1355 1127 1422 librario
1166 1355 1372 1438 imputemus.

193 1466 381 1534 Scholiasta
415 1464 487 1547 ipse
511 1464 645 1533 videtur
669 1464 801 1530 nomina
823 1465 858 1530 in
882 1464 1040 1532 Cicerone
1063 1464 1150 1530 lecta
1175 1460 1374 1528 confudisse.

285 1571 391 1656 249,ss
425 1574 511 1653 quod
546 1571 698 1638 Pisonem
722 1571 925 1654 Campanum
961 1570 1062 1638 fuisse
1097 1576 1202 1652 putat,
1239 1569 1273 1634 in
1303 1587 1375 1634 enm

195 1699 344 1747 errorem
362 1679 572 1747 scholiastam
590 1679 745 1745 incidisse
762 1680 848 1744 male
864 1678 1045 1746 intellectis
1067 1676 1235 1744 Ciceronis
1265 1675 1376 1742 verbis

192 1789 248 1870 (de
285 1788 381 1853 domo
422 1785 441 1872 ξ
482 1782 526 1850 60
562 1785 597 1850 in
635 1785 745 1852 Pison.
786 1783 844 1871 24)
883 1791 974 1852 recte
1015 1785 1125 1851 docuit
1162 1780 1376 1872 Schillingius

192 1893 237 1980 (p.
264 1890 336 1975 21).

288 1998 394 2082 aluo,
427 2016 506 2066 vero
543 2005 609 2063 tam
645 1998 759 2079 inepta
783 2006 877 2063 extat
912 1998 1083 2064 adnotatio
1120 1999 1161 2063 de
1192 1995 1377 2063 cervicibus

192 2107 452 2174 candidatorum
478 2115 570 2172 creta
595 2089 716 2188 oblitis,
742 2115 778 2171 nt
804 2123 877 2172 eam
906 2107 947 2171 ab
966 2108 1078 2172 codem
1102 2106 1295 2186 interprete,
1323 2106 1378 2184 qni

189 2213 329 2282 Livium
353 2213 408 2299 (ct.
422 2213 476 2278 lib.
500 2213 559 2277 IV.
574 2232 601 2279 c.
626 2211 733 2296 Vina.)
758 2215 1052 2295 Murenianamque
1076 2213 1133 2298 (cf.
1159 2211 1261 2298 pte.)
1285 2210 1377 2296 legit,

193 2320 360 2405 originem
379 2322 498 2387 ducere
523 2340 588 2385 non
606 2321 737 2402 possim,
763 2323 839 2401 quin
865 2339 991 2403 negem.
1038 2321 1142 2385 Multo
1159 2328 1275 2402 postea
1297 2320 1379 2384 lraec

191 2429 318 2494 addita
341 2427 505 2494 videntur.

289 2531 394 2615 adep,
424 2519 506 2599 dicit
537 2535 698 2601 adversus
728 2535 834 2619 legem
859 2535 1003 2601 Tulliam
1035 2537 1076 2600 dc
1105 2533 1229 2600 ambito
1261 2532 1380 2598 fecisse

191 2640 380 2723 Vatinium,
420 2664 490 2708 cam
528 2646 666 2708 manime
696 2645 832 2708 uraMret
859 2644 904 2708 od
936 2643 1138 2708 obtinendam
1172 2643 1379 2706 tribunatum.

190 2748 261 2815 Sed
292 2747 333 2812 de
357 2748 517 2829 petitione
542 2757 720 2830 praeturae
737 2753 793 2832 agi
818 2751 940 2816 debere
958 2749 1023 2814 iam
1040 2749 1189 2815 Halmius
1207 2743 1380 2814 intellexit.

294 2851 399 2938 310,2,
440 2853 554 2938 32213,
603 2853 694 2934 323‚1
746 2855 830 2922 falso
879 2857 920 2921 dc
958 2854 1085 2920 Vatinii
1119 2852 1382 2922 accusationibus

187 2961 327 3029 referre
359 2981 472 3028 omnes
503 2963 569 3030 viri
593 2963 680 3028 docti
711 2964 921 3029 scholiastam
954 2962 1121 3031 viderunt.
1170 2965 1280 3042 Atque
1311 2978 1382 3025 cum

192 3079 255 3135 aut
301 3069 532 3135 adnotationes
571 3070 756 3135 reiciendas
801 3069 1006 3136 censuissent
1043 3076 1102 3136 aut
1136 3068 1185 3133 ita
1220 3068 1382 3148 interpre-

188 3177 321 3242 tandas
338 3174 603 3257 corrigendasve,
629 3184 665 3242 ιιι
690 3195 761 3242 cum
780 3175 938 3243 Cicerone
964 3177 1202 3257 quodammodo
1220 3173 1382 3241 consenti-

187 3289 284 3365 rent,
311 3281 432 3362 optime
464 3282 504 3346 de
534 3282 601 3346 illis
626 3283 734 3348 causis
758 3283 924 3350 iudicasse
957 3283 1089 3351 videtur
1113 3279 1381 3365 Mattuiesius,¹⁶)

188 3389 252 3470 qui
280 3393 399 3467 quater
422 3386 593 3453 Vatinium
616 3389 650 3454 iu
674 3391 725 3456 ius
750 3398 902 3456 uocatum
927 3409 998 3456 esse
1023 3389 1155 3455 statuit:
1192 3385 1317 3468 696158
1342 3406 1382 3453 ex

188 3497 272 3578 lege
298 3492 429 3558 Licinia
445 3493 550 3577 Iunia,
577 3495 617 3560 de
642 3514 706 3576 qua
722 3515 758 3560 re
782 3504 872 3564 recte
897 3496 1079 3562 scholiasta
1104 3495 1252 3577 disputet
1276 3495 1380 3578 310,8;

191 3620 291 3670 anno
316 3597 437 3670 oa8l56
462 3603 599 3684 exlege
624 3603 734 3668 Tullia
758 3603 798 3670 de
828 3603 962 3682 ambitu,
993 3623 1053 3684 qno
1078 3604 1246 3685 pertinent
1269 3600 1382 3684 adep„

188 3709 316 3790 309,10‚
342 3705 446 3792 324‚2,
472 3708 584 3792 362,6;
615 3706 736 3787 700154
760 3711 896 3796 exlege
920 3711 1048 3778 Licinia
1071 3713 1113 3776 de
1142 3710 1317 3792 sodaliciis,
1343 3711 1383 3775 de

190 3835 266 3898 qua
292 3815 501 3880 accusatione
526 3822 616 3881 recte
649 3817 784 3883 disserit
814 3818 979 3901 interpres
1003 3817 1113 3901 262,6;
1140 3815 1260 3890 ‘toalea
1285 3818 1325 3882 de
1350 3816 1384 3883 ui

189 3943 210 3988 e
239 3922 321 4003 lege
355 3921 500 3988 Plautia.
551 3921 642 4004 Quae
674 3943 746 3990 cum
784 3924 1035 3992 accuratissime
1066 3927 1236 4008 disputata
1268 3924 1335 3991 sint
1364 3944 1384 3988 a

188 4029 275 4097 viro
302 4029 405 4102 docto,
432 4031 677 4097 concedendum
703 4041 755 4096 est
780 4031 996 4115 interpretem
1020 4035 1053 4099 in
1076 4032 1128 4098 his
1151 4032 1231 4099 locis
1256 4049 1384 4098 errasse

189 4137 378 4215 deceptum
405 4135 533 4201 nomine
557 4138 771 4222 accusatoris,
798 4139 910 4218 quiin
936 4139 1088 4206 omnibus
1120 4138 1228 4205 causis
1253 4147 1325 4204 erat
1349 4139 1383 4204 O.

190 4239 353 4306 Licinius
378 4242 490 4307 Macer
515 4243 645 4310 Calvus.
692 4245 810 4325 Itaque
835 4244 930 4330 alep
959 4266 1021 4312 uon
1047 4249 1085 4314 de
1102 4247 1221 4312 ambito
1245 4265 1300 4312 res
1324 4255 1383 4324 est,

277 4398 310 4466 16)
330 4401 371 4453 De
401 4400 473 4454 Calvi
500 4401 530 4453 in
548 4401 685 4454 Vatinium
714 4405 937 4458 accusationibus:
968 4406 993 4456 in
1024 4406 1208 4459 Corumentatt.
1238 4404 1384 4472 philologio.

187 4488 278 4556 LipS.
300 4491 377 4546 1874.
397 4507 422 4558 p.
443 4491 485 4543 99.
506 4506 563 4558 sqq.
