3230 5254
642 449 854 550 ji,—

158 645 282 726 paratis
317 644 405 711 inter
440 663 489 723 se,
526 647 642 726 quibus
679 647 877 714 dissentiunt
909 646 1092 727 quibusque
1117 646 1338 728 consentiunt,

160 754 383 818 demonstrare
420 761 556 819 conatus
582 763 633 819 est
663 752 860 819 Bobiensem
892 755 1026 818 Asconii
1067 753 1335 820 commentarium

158 879 223 926 non
248 879 357 928 nosse.
375 863 499 926 Tamen
513 879 583 926 oum
602 860 814 942 Schillingins
833 861 985 942 refutato,
1011 869 1047 926 ut
1070 861 1132 926 sibi
1148 862 1335 941 videbatur,

159 967 344 1034 Ganmitzio
370 967 530 1051 Madvigii
554 968 754 1033 sententiam
778 970 826 1033 ita
848 975 976 1033 tutatus
993 971 1045 1047 sit,
1071 975 1109 1031 nt
1125 966 1335 1033 scholiastam

159 1075 292 1140 Asconii
330 1075 572 1141 commentariis
602 1075 722 1140 leviter
756 1082 881 1140 tantum
919 1083 953 1140 et
988 1075 1207 1156 neglegenter
1241 1093 1335 1140 usum

145 1185 228 1249 'esse
252 1184 440 1263 contendat,
466 1185 569 1248 denuo
595 1185 833 1266 pertractanda
857 1189 908 1248 est
931 1182 1090 1263 quaestio.

246 1308 380 1374 Initium
413 1313 520 1372 antem
551 1309 740 1374 sumendum
767 1317 818 1374 est
841 1309 882 1373 ab
907 1307 953 1373 eis
982 1306 1071 1388 locis,
1100 1307 1134 1371 in
1164 1305 1281 1386 quibus
1306 1326 1338 1370 e-

155 1418 273 1482 andem
308 1413 478 1481 Ciceronis
521 1416 699 1481 orationem
746 1415 912 1496 explicant
954 1414 1162 1480 scholiastae.
1221 1414 1336 1493 ltaque

155 1523 293 1603 primum
335 1531 531 1604 argumenta
561 1522 761 1588 Milonianae
799 1523 889 1586 inter
926 1540 961 1587 se
999 1521 1218 1603 comparanda
1248 1528 1333 1586 sunt.

154 1631 281 1695 Narrat
315 1639 422 1695 autem
458 1628 621 1696 Asconius
655 1630 700 1714 (p.
724 1627 793 1711 28.)
829 1629 975 1694 Clodium
1011 1630 1082 1694 rixa
1117 1636 1232 1694 exorta
1267 1630 1336 1694 vul·

152 1742 304 1802 neretum
346 1747 379 1801 et
417 1736 451 1800 in
489 1737 656 1802 tabernam
700 1737 879 1819 proximam
909 1735 943 1800 in
979 1736 1151 1802 Bovillano
1188 1737 1335 1801 delatum

152 1863 245 1926 esse3
277 1843 454 1910 scholiasta
482 1844 525 1929 (p,
551 1841 667 1930 aloa)
700 1852 793 1926 nain,
823 1843 939 1923 inquit,
967 1846 1171 1927 peropiiotns
1198 1845 1243 1909 ud
1271 1845 1334 1910 Bo·

149 1953 247 2016 uillas
270 1954 306 2016 in
330 1955 542 2033 conponnlonn
558 1953 720 2035 qnondam
736 1952 775 2018 P.
795 1952 925 2018 Clodius
941 1954 1070 2034 i'npiens
1085 2005 1092 2018 .
1107 2005 1113 2016 .
1129 2005 1135 2017 .
1151 2002 1157 2016 .
1177 1954 1334 2018 concessit.

149 2063 264 2138 Atque
293 2057 496 2125 Geumitzins
527 2059 703 2125 Asconinm
735 2062 839 2142 ipsum
877 2078 1003 2138 qnoque
1026 2060 1121 2139 paulo
1150 2060 1334 2140 posthanc

149 2167 195 2230 de
211 2175 300 2230 metu
312 2164 419 2230 Clodii
430 2167 707 2233 narratiunculam
722 2173 860 2250 tangere
873 2167 952 2232 dicit
964 2167 997 2230 in
1009 2166 1158 2232 oratione
1172 2166 1334 2249 Scipionis

147 2275 352 2338 enarranda.
390 2273 441 2338 lbi
465 2284 574 2339 autem
598 2275 647 2339 ita
671 2274 774 2339 refert
798 2275 966 2339 Metellus:
993 2271 1160 2358 (p.30,15‚)
1187 2275 1333 2342 Clodiani

147 2429 154 2444 .
181 2429 214 2444 ..
240 2381 343 2446 abisse
360 2430 367 2443 .
386 2431 418 2446 ..
445 2381 603 2446 Milonem
626 2385 729 2448 snhiio
748 2437 753 2448 .
774 2437 779 2446 .
800 2436 806 2447 .
831 2388 943 2447 senoin
966 2385 1063 2447 naisso
1080 2403 1151 2446 cnm
1167 2386 1332 2449 sennis...

148 2490 291 2583 armatis
315 2489 438 2553 obviarn
470 2493 499 2553 ei
530 2490 727 2554 contendisse
754 2495 783 2553 ei
812 2510 914 2570 snpra
938 2489 1085 2554 Bouillas
1113 2491 1333 2570 inopinantem

146 2597 185 2659 in
209 2595 324 2660 itinere
347 2617 546 2680 oppressura
569 2599 615 2662 ihi
631 2597 671 2662 P.
692 2597 839 2662 Clodiane
863 2599 965 2662 inibns
987 2597 1170 2661 meinerihns
1194 2601 1332 2679 acceptis

146 2701 300 2767 Bovillas
318 2704 492 2786 perlatum.
538 2704 724 2782 Telonnum,
750 2707 785 2767 in
801 2726 898 2786 qnoen
909 2705 1100 2787 persuperui
1115 2710 1331 2787 eepnpnotan

146 2831 169 2872 a
187 2808 323 2885 Milone,
348 2811 573 2875 semianimum
591 2809 739 2876 Clodium
763 2817 939 2875 eniraeinon
956 2862 962 2874 .
981 2860 988 2875 .
1007 2861 1013 2875 .
1038 2813 1075 2876 in
1090 2811 1144 2874 oio
1155 2811 1267 2890 Appia
1283 2832 1331 2875 oe·

146 2917 335 2980 asnmtesse.
345 2915 411 2981 Sed
421 2918 506 2996 quod
518 2937 559 2982 ex
570 2917 738 2984 bisverbis
747 2919 799 2984 uir
808 2919 923 2983 doctus
933 2917 1098 2983 concludit
1107 2918 1245 2982 eandem
1258 2936 1330 2982 esse

145 3021 348 3088 scholiastae
381 3024 551 3089 Bobiensis
584 3033 616 3089 et
653 3023 739 3090 hanc
768 3026 1001 3104 narrationem,
1035 3025 1168 3093 erravit.
1217 3025 1331 3106 Neque

145 3127 234 3193 enim
272 3129 499 3212 perfugere
533 3133 590 3196 illo
615 3133 685 3197 loco
709 3133 796 3198 idem
821 3143 871 3197 est
895 3142 994 3212 atque
1018 3131 1182 3214 fugere,
1214 3133 1330 3197 sedin

143 3227 321 3303 tabernam
348 3239 469 3319 quasi
494 3239 534 3306 in
560 3240 798 3324 perfugium
825 3241 1030 3320 perlatum
1065 3259 1158 3304 esse
1183 3240 1330 3304 Clodium

143 3343 257 3425 Scipio
283 3345 461 3431 exponite)
490 3365 596 3426 neque
613 3351 977 3431 metnperqqiiotnsest
1007 3345 1147 3425 Clodius
1177 3348 1234 3411 sed
1265 3349 1330 3412 tria

144 3450 291 3517 vulnera
329 3451 471 3536 accepit;
507 3472 614 3534 neque
648 3453 707 3518 illa
741 3457 878 3519 taberna
914 3455 959 3518 ad
989 3454 1137 3519 Bovillas
1173 3461 1208 3517 ut
1242 3455 1329 3535 apud

140 3557 344 3624 Bobiensem
369 3568 429 3641 est,
456 3562 513 3626 sed
531 3561 689 3631 Bovillae.
736 3560 797 3626 His
825 3561 926 3642 igitur
950 3559 1109 3642 expositis
1133 3579 1203 3626 cum
1233 3562 1329 3642 plane

138 3666 234 3729 inter
268 3681 303 3730 se
336 3667 511 3734 dissentire
548 3668 726 3760 videantur
748 3668 914 3734 Asconius
948 3676 1046 3749 atque
1078 3668 1255 3734 scholiasta
1291 3689 1330 3734 ac

139 3791 187 3836 ne
214 3789 255 3836 ex
285 3773 342 3839 illa
372 3775 520 3840 oratione
551 3776 678 3855 quidem
709 3777 858 3842 hausisse
889 3778 1081 3842 Bobiensem
1116 3775 1326 3842 manifestum

139 3881 207 3959 sit,
234 3879 444 3963 Schillingius
468 3901 539 3968 enm
564 3903 581 3949 e
605 3869 701 3949 Livio
726 3884 950 3950 narrationem
980 3883 1200 3965 desumpsisse
1225 3892 1328 3966 putat.

137 3988 256 4066 Atque
269 4005 464 4068 quamquam
484 3990 600 4072 negari
616 4009 679 4056 non
692 3999 800 4073 potest
809 3991 904 4058 Livio
913 4011 1005 4058 usum
1021 4011 1093 4056 esse
1106 3992 1328 4070 scholiastam,

120 4107 259 4198 'tanuen
295 4094 357 4160 hoc
386 4097 455 4161 loco
487 4097 632 4179 opinioni
662 4099 847 4181 Schillingii
884 4101 1038 4164 assentiri
1070 4099 1190 4163 dubito.
1238 4099 1330 4180 Haec

239 4325 261 4392 ⁸)
282 4327 384 4397 optime
403 4339 496 4384 autem
516 4313 549 4385 ad
564 4331 700 4400 Scipionis
719 4334 862 4388 consilium
883 4335 1010 4402 quadrat,
1029 4335 1102 4402 quod
1124 4342 1203 4396 supra
1217 4334 1331 4396 Bmsa'llar

134 4418 235 4472 rixam
262 4427 384 4473 exortam
414 4433 474 4474 esse
503 4421 578 4475 dicit.
629 4424 751 4490 Apparet
779 4423 851 4477 enirn
876 4435 937 4492 post
965 4425 1057 4478 Clodii
1082 4425 1177 4492 sugam
1202 4423 1329 4479 llilonem

133 4507 247 4562 redisse
266 4508 338 4562 viam
359 4509 491 4564 Bovillas.
