3230 5254
805 380 847 448 14

234 601 327 647 nores
345 587 454 663 petere
470 581 603 661 puduit,
628 585 719 645 taam
745 577 891 646 Catilina
915 577 996 665 (VII
1020 577 1104 665 sqq.)
1127 581 1217 662 sagii
1238 578 1411 662 ingenium,

236 693 272 754 a
319 689 369 754 M.
409 671 587 754 Auratam
626 689 858 771 prompsere.
931 688 971 753 Im
1016 686 1068 752 nis
1114 703 1173 752 suo
1225 684 1296 751 iura
1342 683 1416 766 quis

236 793 353 860 mirari
397 793 502 877 possit
547 794 714 860 orationes
750 812 808 875 pro
842 792 964 860 Roscio
1010 799 1044 860 et
1079 793 1121 858 de
1155 791 1411 876 proscriptorum

235 901 352 968 liberis
397 910 665 967 commemoratas
713 918 807 982 esse,
850 898 1025 982 Verrinas,
1068 898 1305 978 Milonianam,
1346 897 1415 964 cae

236 1008 401 1087 sarlanas,
442 1013 524 1090 quas
554 1026 633 1090 prae
669 1006 790 1073 ceteris
825 1007 988 1075 excellere
1018 1008 1220 1089 posteriores
1261 1013 1416 1074 auctores

236 1133 336 1198 saepe
366 1115 575 1198 praecluent,
608 1133 650 1180 ne
681 1130 746 1180 uuo
775 1112 903 1195 quidem
935 1115 1039 1181 verbo
1068 1121 1188 1180 tactas.
1234 1112 1416 1181 Praeterea

236 1221 383 1288 ordinem
407 1219 565 1304 temporis
594 1219 628 1287 in
659 1220 893 1287 enumerandis
922 1218 1124 1287 orationibus
1148 1219 1254 1288 tenuit
1276 1220 1414 1289 Plinius.

236 1332 299 1398 HIs
322 1331 533 1400 manifestum
556 1332 598 1400 tit
620 1332 705 1399 illud
738 1341 828 1421 σῶμα
856 1329 1039 1398 orationum
1069 1329 1104 1398 in
1127 1330 1300 1399 consulatu
1323 1332 1415 1400 habi·

236 1448 343 1506 tarum
368 1441 409 1505 ob
434 1439 544 1507 oculos
567 1457 640 1506 eum
665 1439 838 1520 haomss03
867 1457 962 1519 nam,
993 1439 1079 1521 qnod
1101 1438 1303 1522 Philippicas
1326 1439 1415 1506 adie-

236 1546 300 1629 cit,
340 1545 375 1612 id
408 1545 503 1630 fecit,
547 1553 583 1613 ut
614 1546 782 1614 sententia
811 1545 988 1613 orationem
1023 1545 1201 1615 clauderet.
1263 1545 1415 1614 Extabat

236 1652 338 1737 igitur
367 1652 469 1721 Plinii
503 1654 705 1736 temporibus
745 1659 880 1738 praeter
922 1653 988 1720 alla
1025 1672 1178 1738 corpora,
1221 1654 1261 1719 de
1297 1652 1415 1735 quibus

236 1764 353 1846 postea
376 1761 537 1843 dicemus,
571 1759 670 1827 etiam
694 1761 822 1845 sylloge
855 1761 896 1827 ab
923 1759 997 1846 ipso
1021 1760 1064 1827 M.
1087 1760 1196 1827 Tullio
1220 1760 1410 1845 composito.

327 1867 486 1951 Quoniam
522 1869 564 1934 de
599 1867 777 1951 Cicerone,
814 1872 973 1949 qnantum
1008 1867 1138 1949 quidem
1180 1868 1221 1934 de
1245 1867 1342 1934 editis
1364 1871 1410 1935 ab

235 1975 307 2059 ipso
349 1974 555 2041 orationibus
599 1974 786 2042 accuratius
821 1974 1059 2060 comperimus,
1100 1974 1223 2042 dictum
1261 1981 1328 2061 est,
1367 1977 1412 2042 ad

237 2081 390 2148 'lironem
410 2081 569 2164 venimus,
586 2100 681 2165 quem
698 2081 867 2148 orationes
883 2080 1013 2166 patroni
1040 2081 1091 2148 sui
1114 2081 1257 2149 edidisse
1281 2088 1415 2149 constat

237 2190 364 2255 duobus
394 2187 474 2254 locis
498 2187 659 2256 Gellianis
689 2188 728 2274 (I,
754 2177 803 2272 7,1¹
828 2198 862 2254 et
885 2187 985 2271 XIII,
1013 2187 1109 2275 alpe)
1136 2207 1177 2254 sc
1198 2197 1370 2274 praeterea
1396 2209 1417 2256 e

236 2294 496 2381 subscriptione,
523 2313 606 2376 qnae
629 2296 735 2363 adhoc
757 2295 792 2362 in
814 2295 980 2362 nonnullis
1003 2295 1169 2363 codicibus
1193 2303 1287 2364 extat
1313 2296 1409 2363 initio

236 2402 272 2468 II
304 2403 338 2467 in
366 2402 496 2468 Rullum
525 2401 699 2470 orationis:
736 2402 919 2469 Emendavi
948 2405 991 2470 aei
1020 2403 1168 2471 Ttronem
1198 2411 1227 2470 et
1255 2406 1414 2471 Laecani-

237 2532 336 2577 caum
359 2511 415 2594 lde
436 2509 488 2576 luis
511 2509 587 2578 vide
610 2529 687 2595 pag.
715 2509 756 2576 15
780 2529 853 2577 cnm
877 2511 954 2575 adn.
980 2508 1026 2597 4).
1066 2511 1131 2578 Sed
1147 2513 1188 2578 ab
1210 2512 1272 2577 hoc
1286 2510 1352 2576 iam
1369 2511 1413 2576 ud

239 2617 417 2684 Asconium
455 2619 691 2687 transeundum
730 2628 791 2699 est,
832 2636 903 2684 cnm
936 2617 1027 2684 illins
1062 2620 1190 2685 demum
1224 2623 1337 2684 aetate
1372 2619 1415 2683 dc

238 2723 382 2790 editione
406 2725 631 2791 Tullianarum
655 2722 839 2791 orationum
864 2722 1023 2790 certiores
1046 2723 1172 2790 fiamus.
1206 2725 1303 2792 Hunc
1327 2723 1410 2790 enlm

235 2830 393 2915 optimum
419 2829 771 2912 diligentissimumque
795 2829 963 2897 Olceronis
986 2828 1215 2915 interpretem,
1237 2833 1310 2900 sive
1326 2831 1407 2897 XVI

239 2935 484 3020 aKiesslingio
509 2936 736 3017 Schoellioque
773 2935 893 3022 (praet.
924 2954 955 3020 p.
985 2937 1059 3003 XV.
1088 2937 1174 3021 sqq.)
1204 2943 1414 3004 enumeratas

240 3044 414 3126 orationes,
439 3042 510 3112 slve
533 3062 644 3110 omnes
669 3051 906 3110 commentatos
930 3050 991 3127 est,
1020 3062 1114 3110 usum
1130 3063 1203 3110 esse
1220 3043 1411 3130 exemplari,
1497 3051 1500 3059 “

239 3153 272 3217 in
297 3169 360 3233 quo
384 3150 552 3217 orationes
575 3149 748 3218 Tullianae
770 3151 901 3218 ratione
924 3153 1082 3235 temporis
1097 3152 1214 3218 habita
1229 3152 1409 3236 dispositae

239 3265 344 3342 erant,
369 3277 410 3326 ex
432 3260 635 3340 argumentis
659 3256 755 3324 facile
779 3257 952 3325 evincitur.
976 3259 1120 3326 Necesse
1144 3275 1196 3326 est
1218 3259 1321 3342 igitur
1343 3259 1413 3324 tale

239 3384 358 3450 corpus
383 3363 568 3432 confectum
599 3377 631 3431 et
653 3364 687 3430 iu
727 3357 847 3446 vulgus
885 3364 1009 3431 editum
1049 3384 1121 3432 esse
1155 3365 1244 3433 inter
1278 3365 1416 3432 Asconii

239 3480 385 3562 aetatem
409 3489 592 3553 aevumque
616 3470 814 3540 Tullianum.
851 3474 961 3554 Atque
983 3471 1255 3540 verisimillimum
1278 3472 1412 3542 videtur

239 3580 397 3671 a'l‘irone
416 3578 499 3664 ipso,
523 3598 717 3661 quamquam
742 3580 782 3644 de
806 3579 930 3663 ordine,
956 3598 1018 3661 quo
1042 3581 1224 3664 composuit
1247 3580 1413 3646 orationes

238 3690 320 3755 nihil
345 3690 504 3756 traditum
530 3698 589 3774 est,
614 3692 695 3759 illud
718 3701 809 3780 cupa
831 3690 991 3774 originem
1016 3693 1144 3774 ducere,
1170 3691 1328 3776 quippea
1350 3709 1415 3771 qno

239 3798 439 3864 omniafere
457 3797 560 3863 Tullii
579 3817 682 3882 opera
699 3801 789 3864 edita
806 3817 878 3865 esse
894 3806 1033 3865 constet.
1069 3799 1183 3880 Neque
1198 3798 1297 3864 aliam
1313 3805 1413 3879 atque

239 3902 398 3988 temporis
422 3907 583 3971 rationem
602 3925 678 3970 eum
704 3915 851 3971 secutum
877 3923 950 3972 esse
967 3915 1224 3971 cousentaneum
1246 3899 1299 3972 est
1321 3913 1355 3972 et
1377 3923 1416 3971 ro

237 4011 311 4094 ipsa
350 4024 383 4077 et
418 4011 532 4077 ordine
563 4013 711 4095 syllogae
743 4011 830 4078 illius
860 4013 902 4077 ab
931 4011 1002 4096 ipso
1040 4011 1197 4079 Cicerone
1226 4012 1413 4095 evulgatae.

239 4119 403 4186 lufirmari
423 4125 532 4184 antem
548 4118 632 4184 hanc
648 4119 868 4185 coniecturam
880 4119 993 4188 verbis
1005 4119 1139 4186 Asconii
1154 4119 1261 4202 video,
1277 4118 1307 4186 si
1318 4125 1410 4185 recte

237 4227 352 4294 locum,
372 4225 561 4306 argumenti
593 4225 791 4292 Pisonianae
828 4225 873 4311 (p.
904 4223 974 4311 lp.)
1003 4233 1164 4293 sanarunt
1189 4225 1409 4309 Klesslingius

237 4332 496 4413 Schoelliusque.
543 4331 595 4399 Ibi
619 4333 658 4397 de
682 4331 811 4399 homine
835 4334 972 4413 quodam
991 4335 1152 4402 Asconins
1175 4335 1328 4416 loquitur,
1352 4331 1419 4412 qui

239 4458 394 4524 perverse
425 4439 515 4505 illam
540 4439 744 4508 ,invectivam
766 4441 863 4518 inter
895 4459 952 4507 eas
981 4439 1156 4524 orationes,
1192 4458 1273 4521 quas
1299 4439 1419 4506 habuit
