3230 5254
189 609 255 676 suis
285 613 451 679 orationes
480 612 651 679 Tullianas
682 613 828 696 explicat
855 621 1093 696 eorumqnet
1062 614 1204 681 studium
1233 616 1276 681 ad
1306 633 1363 681 eas

188 715 362 785 imitandas
385 718 513 786 incitat.
561 721 717 788 Tamen
707 741 740 787 ιιι
758 723 992 787 commentario
1008 721 1118 790 ubivis
1134 723 1235 788 adnot
1221 721 1364 788 tationes

187 823 255 889 hist
241 823 363 890 toricas
393 824 680 910 deprehendimus,
715 846 796 907 quas
821 827 896 894 rhet
883 835 986 894 torem
1015 827 1122 910 ipsum
1147 829 1363 911 composuisse

188 930 343 998 credibile
379 949 443 998 non
479 941 540 999 est.
594 933 726 1000 Etenim
759 953 830 1000 cum
858 933 931 1015 ipse
958 935 1133 1000 maximam
1163 937 1229 1003 vim
1260 934 1294 1000 in
1325 953 1364 1002 eo

187 1045 301 1121 ponat,
338 1047 374 1105 ut
406 1039 627 1122 eloquentiam
656 1041 840 1107 Tullianam
876 1042 1080 1108 demonstret
1117 1061 1255 1124 cumque
1286 1050 1364 1110 ante

188 1147 439 1213 commentarios
455 1146 638 1214 rhetoricos
654 1147 828 1215 historicos
843 1147 945 1214 fuisse
962 1148 1150 1231 viderimus,
1174 1149 1241 1214 iam
1257 1151 1367 1215 elueet

189 1272 252 1319 non
275 1252 381 1335 ipsum
406 1256 597 1321 auctoribus
621 1256 767 1321 laudatis
792 1273 882 1321 nsum
917 1273 989 1321 esse
1018 1273 1126 1337 neque
1155 1254 1213 1323 illa
1240 1255 1366 1322 scholia

187 1360 294 1442 ipsum
319 1362 358 1426 de
382 1380 439 1427 suo
465 1360 663 1444 coniecisse,
698 1365 756 1428 sed
784 1361 1049 1429 commentarium
1073 1362 1263 1429 historicum
1289 1363 1364 1428 rhe-

189 1477 291 1533 torem
315 1465 348 1532 in
374 1486 468 1532 sunm
492 1477 601 1534 transt
588 1468 712 1534 t.nlisse

278 1593 395 1674 Itaque
426 1601 593 1676 restatu
597 1591 726 1660 tillius
755 1611 882 1674 quoqne
905 1599 1052 1658 aetatem
1077 1593 1279 1661 definiamus,
1325 1595 1364 1659 ln

189 1699 251 1765 hac
268 1709 385 1781 quaest
387 1701 459 1768 ione
475 1702 662 1784 tractanda,
689 1719 760 1766 oum
777 1700 982 1782 potissimum
1004 1702 1047 1765 sit
1063 1712 1223 1784 auctores,
1249 1700 1365 1782 quibus

188 1808 354 1891 interpres
377 1827 454 1874 usus
471 1815 530 1888 est,
556 1825 762 1890 percensere,
789 1806 878 1890 qnid,
904 1805 959 1888 qui
974 1813 1074 1872 antea
1091 1808 1132 1872 de
1148 1807 1198 1873 his
1216 1815 1365 1891 egerunt,

190 1915 434 1982 demonstrasse
458 1914 521 1982 sibi
543 1915 609 1982 visi
633 1917 709 1998 sint,
735 1915 788 1980 hic
812 1933 982 1997 exponam.
1030 1913 1235 1980 Gaumitzius
1264 1914 1366 1998 igitur

189 2021 390 2088 enumeratis
407 2021 607 2105 auctoribus
624 2020 658 2086 in
676 2022 793 2103 quibus
810 2023 967 2102 Nepotem
986 2019 1087 2086 fuisse
1105 2019 1176 2102 ipse
1192 2021 1368 2109 intellexit,

190 2129 334 2195 ostendit
358 2130 543 2196 Asconiano
569 2131 805 2195 commentario
823 2128 1020 2195 Bobiensem
1044 2127 1079 2192 in
1096 2128 1284 2195 auctoribus
1297 2129 1367 2195 lau·

191 2235 309 2303 dandis
332 2235 531 2303 simillimum
556 2255 630 2302 esse
655 2229 762 2317 neque
786 2245 897 2304 tamen
922 2235 1138 2317 interpretem
1164 2254 1205 2301 ex
1220 2236 1367 2302 Asconio

191 2343 260 2426 ipso
288 2343 520 2410 adnotationes
549 2343 769 2424 desumpsisse
805 2342 1052 2425 demonstravit,
1090 2345 1147 2409 sed
1178 2362 1218 2408 ne
1248 2345 1366 2426 legisse

193 2450 319 2532 quidem
345 2450 414 2518 eius
439 2450 675 2518 enarrationes
724 2449 936 2532 Sohillingius
960 2458 1071 2515 autem
1087 2451 1272 2516 accuratius
1296 2470 1369 2532 pro-

192 2559 273 2624 bare
298 2566 435 2625 conatus
460 2569 511 2624 est
533 2566 666 2639 praeter
689 2565 841 2622 auctores
858 2575 878 2622 a
896 2556 1080 2623 Gaumitzio
1099 2564 1368 2624 commemoratos

193 2683 282 2732 usum
315 2684 388 2732 esse
420 2667 615 2732 Bobiensem
646 2665 738 2731 libris
774 2665 877 2747 ipsius
906 2663 1073 2730 Ciceronis
1102 2663 1193 2731 Livii
1220 2665 1370 2731 Sallustii

193 2773 338 2840 Asconii
397 2773 560 2855 Equidem
591 2771 637 2840 sic
667 2792 734 2839 rem
764 2779 949 2854 agamus
989 2772 1125 2853 primum
1158 2771 1367 2838 scholiastam

194 2888 356 2946 comment
357 2881 436 2948 ariis
459 2880 534 2947 aliis
558 2900 649 2946 usum
674 2899 746 2948 esse
776 2887 827 2946 ost
813 2881 958 2965 tendam,
995 2879 1114 2945 deinde
1148 2881 1298 2946 demonst
1284 2885 1368 2945 trem

193 2987 358 3054 Asconii
349 3008 453 3071 rpsum
479 3007 551 3054 enm
575 3009 639 3054 non
663 2988 783 3071 legisse
807 2988 947 3068 denique
971 3006 1053 3068 quae
1077 2988 1195 3053 det
1142 2993 1195 3053 cet
1197 2985 1262 3053 eris
1296 3006 1370 3053 auc-

193 3094 318 3161 toribus
343 3097 483 3162 dicenda
506 3096 573 3162 sint
596 3096 723 3162 addam.

282 3221 398 3287 Aliis
388 3221 451 3304 ugit
454 3241 491 3286 ur
523 3228 685 3287 comment
688 3221 782 3286 ariis
792 3220 956 3287 Tullianis
989 3238 1066 3286 usus
1099 3228 1150 3286 est
1178 3218 1368 3284 Bobiensis:

194 3329 257 3395 hoc
279 3328 488 3395 manifestum
512 3328 549 3394 fit
572 3328 624 3395 his
646 3327 744 3416 locis;

284 3455 385 3528 298,7.
428 3455 480 3520 Ad
504 3454 679 3520 Sestianae
714 3454 834 3520 verba:
873 3451 955 3517 Ouia
990 3451 1123 3532 quido-m
1159 3453 1195 3516 ia
1229 3452 1371 3516 acutione

195 3565 335 3642 diruisset,
365 3564 447 3628 haec
476 3563 626 3627 adnotat:
660 3560 790 3626 Videtur
812 3561 885 3625 istic
916 3560 963 3624 oei
985 3563 1091 3642 ipsam
1117 3559 1279 3636 Pisonem,
1312 3559 1369 3640 oei,

194 3672 278 3753 quod
301 3672 340 3735 ιιι
364 3671 441 3736 aliis
458 3671 625 3751 proditum
649 3674 703 3744 est,
730 3667 907 3733 Gabiniam
929 3667 1123 3748 sipiificore.

285 3796 398 3877 331,32.
430 3797 473 3861 ad
504 3796 608 3862 verba
640 3792 821 3859 Ciceronis:
866 3792 908 3858 Ui
937 3793 990 3858 iile
1019 3791 1139 3857 iudicio
1172 3797 1371 3874 lomqaome

194 3906 371 3988 nousropio
395 3904 502 3970 andus
525 3905 649 3969 emersit
678 3900 927 3981 interpretanda
956 3897 1089 3964 scribit:
1123 3952 1262 3966 .....
1294 3919 1371 3964 aum

195 4118 261 4170 mihi
280 4134 348 4187 qnae
370 4118 477 4186 exponit
504 4118 537 4171 de
556 4116 713 4169 discretione
732 4107 853 4183 (asopo),
873 4128 952 4181 qnam
966 4111 1057 4166 Cicero
1074 4111 1192 4164 faciatin
1207 4111 1372 4164 defendendo

195 4208 227 4260 P.
246 4207 368 4262 Sullaet
386 4207 418 4260 de
437 4212 499 4260 auct
488 4207 592 4260 toritate
612 4205 688 4259 iestis
707 4219 787 4272 qnam
808 4202 857 4255 sibi
878 4201 999 4270 vindicat,
1019 4201 1090 4269 (360
1091 4201 1130 4268 30)
1150 4199 1284 4269 praeclara
1308 4215 1371 4253 sane

197 4298 321 4351 videntur
335 4297 465 4365 etdigna,
486 4312 553 4364 quae
573 4295 652 4348 etiam
671 4310 742 4346 nnnc
761 4292 892 4360 legantur.
923 4290 1008 4344 Etiam
1029 4291 1098 4359 qnod
1118 4291 1150 4342 de
1169 4290 1301 4343 senentra
1312 4291 1373 4358 post

196 4385 349 4456 exemplum
375 4386 463 4440 addita
487 4386 550 4439 dicit
538 4386 646 4451 (366
648 4385 686 4450 11)
714 4382 834 4451 quamvis
861 4380 996 4450 argutius,
1023 4382 1111 4433 tamen
1136 4379 1205 4432 haud
1224 4394 1305 4447 prave
1324 4395 1371 4432 ax-

151 4507 153 4514 *
196 4479 311 4548 positum
330 4476 443 4530 videtur.
