3230 5254
715 1151 779 1218 III.

250 1348 324 1412 Hoc
349 1345 456 1428 capite
490 1365 562 1412 cum
590 1346 791 1429 propositum
815 1347 859 1413 sit
890 1367 990 1430 agere
1020 1350 1061 1414 de
1085 1360 1241 1434 tempore,
1274 1370 1338 1432 quo
1395 1333 1397 1336 ⁵

158 1452 415 1519 commentarius
450 1452 623 1520 Bobiensis
656 1454 854 1536 compositus
891 1473 963 1522 csse
998 1455 1164 1535 videatur,
1200 1458 1337 1540 primum

160 1560 377 1642 repetendum
401 1559 517 1640 estid,
552 1561 638 1642 qnod
661 1580 773 1628 omnes
797 1561 862 1628 viri
887 1561 977 1629 docti
1000 1562 1065 1628 iam
1089 1562 1336 1648 intellexerunt,

164 1667 286 1733 scholia
301 1685 366 1734 non
382 1668 524 1752 margini
537 1667 687 1749 ascripta
703 1666 815 1748 fnisse,
833 1671 892 1734 sed
905 1672 945 1736 ab
959 1688 1023 1736 uno
1039 1670 1169 1736 homine
1187 1670 1337 1738 confecta

164 1781 199 1839 et
220 1793 280 1856 per
302 1792 337 1840 se
361 1773 452 1840 edita
476 1793 558 1842 esse.
604 1775 737 1842 Etenim
761 1794 865 1859 genus
890 1775 1024 1842 dicendi
1044 1777 1151 1844 ubivis
1174 1778 1261 1843 idem
1286 1785 1338 1845 est

161 1882 341 1963 eodemque
357 1883 451 1948 modo
468 1881 576 1949 ubivis
590 1884 693 1949 verba
706 1882 874 1950 Ciceronis
891 1883 1071 1951 scholiasta
1085 1884 1337 1966 interpretatur:

155 1989 225 2054 hoc
268 1987 411 2070 quisquis
456 1989 725 2056 commentarium
774 1991 864 2072 leget
918 1989 1017 2058 facile
1057 1991 1127 2074 ipse
1169 1999 1337 2075 agnoscet.

155 2095 292 2161 Deinde
315 2097 473 2176 quaedam
490 2097 616 2163 scholia
640 2097 696 2164 vol
711 2100 799 2164 inter
815 2115 850 2163 se
863 2099 917 2164 vel
934 2116 1006 2163 oum
1022 2101 1208 2166 lemmatum
1225 2100 1337 2167 verbis

156 2205 276 2271 eodem
292 2205 397 2286 modo,
411 2212 448 2269 ut
460 2205 548 2287 apud
560 2204 739 2271 Asconinm
751 2203 942 2287 saepissime
954 2205 1149 2289 invenimus,
1165 2207 1337 2274 coniuncta

160 2312 324 2392 spondent
347 2311 616 2379 commentarium
640 2331 713 2378 esse
734 2313 855 2378 librum
878 2319 1035 2394 perpetua
1059 2313 1143 2380 serie
1166 2315 1336 2397 scriptum.

251 2419 303 2484 Ita
311 2418 402 2501 233,2
410 2419 504 2505 plura
515 2418 919 2502 lemmatainterpretatnr
927 2430 1163 2487 commentator
1172 2421 1336 2488 continms

164 2524 303 2592 scholiis.
350 2525 507 2592 Eiusdem
540 2525 670 2610 generis
694 2532 771 2592 sunt
794 2524 899 2610 tuem
922 2545 992 2608 sqq.
1017 2527 1120 2610 atum
1144 2547 1212 2609 sqq.
1237 2531 1337 2595 etiam

160 2632 264 2716 soum
287 2652 357 2714 sqq.
1088 2647 1097 2668 ·

248 2740 376 2808 Deinde
411 2742 615 2808 adserendae
647 2746 740 2806 sant:
780 2739 892 2823 ‘idom
929 2738 1040 2820 343,12,
1076 2740 1175 2821 etot,
1214 2739 1327 2822 352‚13¹

153 2849 288 2930 Agmen
312 2849 446 2915 claudat
470 2845 568 2928 317,5.

247 2957 432 3022 Praeterea
456 2956 518 3021 huc
541 2955 709 3036 pertinent
734 2963 767 3022 at
791 2953 897 3040 303,29
921 2966 953 3024 et
977 2955 1226 3038 adnotationes,
1251 2975 1336 3036 quae

153 3083 177 3130 a
200 3063 367 3144 particula
389 3085 465 3128 com
487 3062 542 3129 vel
566 3067 649 3130 cotra
681 3071 742 3129 etc.
768 3064 897 3131 initium
922 3071 1064 3138 sumunt,
1094 3083 1166 3129 cum
1197 3083 1255 3129 eae
1284 3083 1335 3128 ar·

151 3169 287 3237 tissime
310 3170 372 3236 hoc
397 3171 492 3236 modo
517 3189 588 3237 cum
613 3170 722 3236 verbis
739 3172 903 3238 lemmatis
921 3172 1116 3238 coniunctae
1132 3171 1215 3254 sint;
1241 3170 1335 3236 huius

152 3277 208 3344 rei
227 3279 337 3344 multa
359 3295 420 3359 per
444 3276 711 3344 commentarium
735 3278 884 3361 exempla
909 3285 1035 3345 extant.

247 3385 270 3449 J
272 3403 325 3450 am
341 3386 382 3451 ad
398 3384 503 3466 ipsam
520 3383 745 3466 quaestionem
762 3388 956 3452 accedamus
969 3397 1069 3465 atque
1082 3385 1123 3450 ab
1136 3383 1251 3450 ordine
1264 3404 1336 3449 ora-

151 3491 282 3559 tionum
290 3491 324 3556 in
337 3491 548 3575 palimpsesto
561 3499 692 3559 servato
701 3492 904 3575 incipiamus.
921 3492 1052 3558 Etenim
1059 3491 1335 3557 cumintellexeri-

153 3619 228 3666 mus
245 3599 321 3665 olim
339 3617 451 3664 omnes
466 3598 632 3664 orationes
646 3599 817 3664 Tullianae
832 3599 866 3666 in
879 3597 1112 3666 commentario
1125 3597 1274 3664 extitisse
1287 3616 1335 3663 se·

156 3708 298 3774 cundum
322 3705 480 3788 temporis
503 3705 664 3772 rationem
689 3706 877 3790 dispositas,
903 3725 990 3774 nunc
1014 3724 1088 3771 eum
1113 3724 1206 3786 quam
1232 3705 1334 3771 codex

156 3817 296 3896 praebet
304 3812 450 3878 ordinem
458 3812 663 3894 planeabillo
672 3813 837 3880 diversum
847 3813 1117 3880 essevidebimus.
1141 3812 1336 3893 Repetenda

160 3920 257 4000 igitur
270 3921 416 3988 breviter
428 3927 513 3998 sunt,
536 3939 620 4002 quae
633 3919 808 4003 supraiam
824 3922 1033 4002 exposuimus
1045 3919 1133 4006 (pag.
1147 3917 1191 4006 9).
1217 3918 1335 3985 Libra-

157 4027 237 4096 rium
254 4047 328 4094 cum
337 4027 588 4094 innumerandis
601 4027 739 4110 singulis
753 4027 1024 4109 quaternionibus
1037 4045 1167 4093 errasse
1180 4023 1335 4091 menifes-

155 4141 224 4202 tum
233 4134 277 4201 sit
290 4152 427 4216 cumque
440 4151 551 4200 earum
565 4141 695 4200 tantum
708 4134 892 4202 orationum
901 4134 1047 4200 ordinem
1054 4134 1254 4200 constituere
1262 4151 1334 4214 pos·

153 4241 266 4320 simas,
292 4243 424 4323 quaein
442 4242 556 4307 eadem
573 4242 693 4325 pagina
709 4261 743 4308 se
761 4241 938 4324 excipiant,
963 4243 1044 4307 duas
1060 4239 1163 4306 series
1175 4245 1334 4308 tenemus:

246 4349 273 4414 1.
297 4368 356 4433 pro
380 4347 521 4432 Flacco,
545 4356 620 4434 post
643 4349 783 4416 reditum
800 4348 835 4414 in
859 4355 976 4414 senatu
1001 4355 1036 4412 et
1059 4347 1146 4431 apud
1169 4346 1331 4431 populum,

151 4474 215 4540 pro
239 4455 386 4537 Plancio,
412 4457 451 4522 de
476 4474 553 4523 aere
578 4458 686 4523 alieno
710 4455 852 4538 Milonis,
877 4476 936 4538 pro
960 4455 1089 4521 Archia.

1156 4561 1172 4612 3
