3230 5254
144 1230 147 1234 ⁵
322 1198 450 1319 Anno
465 1249 561 1316 huius
577 1250 703 1316 saeculi
719 1249 802 1316 XIV
820 1247 998 1314 Mediolani
1014 1247 1099 1314 liber
1114 1245 1149 1314 in
1164 1247 1270 1313 lucem
1286 1245 1408 1330 prodiit

225 1356 352 1440 Angeli
375 1356 451 1434 Mai,
480 1354 533 1422 oui
561 1355 676 1423 titulus
700 1354 879 1438 inscriptus
906 1361 999 1420 erat:
1031 1353 1081 1419 M.
1112 1353 1211 1420 Pollii
1242 1353 1408 1422 Ciceronis

230 1467 329 1530 mom
366 1466 545 1530 matronam
570 1467 607 1529 io
647 1462 795 1531 Clodium
833 1467 863 1528 et
902 1460 1087 1544 emonem,
1123 1461 1162 1526 de
1207 1483 1280 1528 aare
1303 1461 1408 1528 alieno

232 1571 379 1649 didonis,
406 1571 444 1636 de
466 1592 537 1654 repe
552 1570 777 1637 Alexandrino
791 1571 976 1655 fropmeotu
990 1570 1121 1635 inedito.
1170 1567 1252 1635 Item
1267 1569 1312 1634 ad
1323 1569 1408 1634 altas

236 1677 407 1744 Tullianos
436 1683 585 1760 quotuor
607 1677 711 1743 editus
734 1678 978 1744 commentarius
1001 1677 1155 1757 antiquos
1176 1675 1325 1759 ineditas,
1350 1678 1406 1757 oui

226 1782 352 1850 oidetor
377 1784 511 1851 Asconii
543 1785 691 1851 Pedioni.
716 1801 744 1850 e.
774 1803 804 1864 q.
830 1801 855 1850 s.
902 1782 1084 1849 Invenerat
1107 1781 1159 1850 vir
1189 1781 1342 1864 egregius
1371 1781 1406 1847 in

228 1889 429 1958 bibliotheca
455 1890 673 1958 Ambrosiam
702 1891 845 1957 codicem
871 1887 1119 1972 palimpsestum
1143 1907 1184 1955 ex
1207 1888 1408 1956 monasterio

168 2074 171 2080 ¹
230 1995 390 2064 Bobiensi
420 2015 457 2064 so
482 1997 640 2080 delatum,
679 1997 735 2079 qui
758 2006 908 2065 veterem
943 1993 1110 2063 Gioeronis
1142 1995 1407 2062 commentarium

232 2104 275 2172 ad
298 2113 367 2172 tres
390 2105 466 2173 illes
490 2108 655 2173 orationes
683 2105 828 2172 ineditas
859 2113 894 2171 et
921 2105 962 2170 ad
993 2103 1203 2188 Arohianam,
1228 2103 1407 2188 Sullanam,

229 2209 1408 2296 PlancianamVatinianamcontinebatelatusqnenniusinventigaudio

221 2319 459 2386 demonstrare
482 2337 579 2403 posse
603 2317 666 2386 sibi
688 2317 779 2386 visus
803 2328 856 2385 est
878 2317 999 2385 scholia
1016 2315 1159 2408 Asconio
1183 2316 1303 2384 deberi.
1342 2317 1409 2385 Sed

230 2425 298 2489 iam
324 2426 448 2491 duobus
463 2428 559 2491 annis
583 2438 658 2507 post
681 2425 882 2492 Niebuhrius
906 2425 940 2491 in
964 2423 1171 2507 praefatione
1193 2423 1372 2492 Frontonis
1383 2425 1409 2510 ¹)

234 2529 322 2596 hano
346 2530 544 2598 sententiam
566 2532 774 2614 impugnavit
796 2540 961 2614 permotus
984 2539 1020 2598 et
1048 2531 1159 2598 indole
1183 2531 1409 2598 commentarii

232 2645 268 2704 et
290 2655 413 2721 genere
437 2638 566 2706 dioendi
588 2642 631 2707 ab
654 2639 840 2706 Asoouiano
868 2638 1019 2706 divorsis.
1065 2640 1176 2719 Atque
1203 2637 1279 2705 inde
1311 2638 1409 2706 vehe-

233 2763 324 2812 mens
339 2744 429 2811 inter
452 2745 542 2812 viros
566 2747 679 2813 dootor
704 2755 871 2814 certamen
895 2756 1003 2813 ortum
1028 2754 1092 2826 sst3
1121 2764 1196 2812 nam
1227 2745 1335 2811 Maius
1368 2745 1408 2812 de

230 2853 296 2919 heo
329 2853 546 2919 adnotatione
580 2851 687 2919 iratus
721 2853 920 2920 acerrimam
955 2851 1212 2936 disputationem
1247 2852 1409 2920 adversus

229 2958 443 3025 Niebuhrium
482 2960 647 3025 secundae
678 2959 882 3050 ¹scholiorum
920 2959 1089 3047 editIoni2)
1127 2959 1281 3026 adiunxit
1308 2977 1408 3040 seque

230 3065 273 3130 de
297 3067 462 3134 sententio
484 3085 544 3134 sua
567 3067 700 3134 minime
723 3066 810 3133 deioi
833 3085 928 3150 posse
957 3067 1115 3134 ostendit.
1161 3066 1280 3148 Itaque
1303 3067 1407 3133 denuo

231 3173 392 3240 tractavit
413 3173 499 3240 hano
522 3173 748 3254 quaestionem
773 3173 960 3242 aoouratius
984 3174 1174 3257 Madvigius
1204 3173 1238 3240 in
1262 3175 1408 3257 disputa-

229 3277 321 3345 tione
345 3279 483 3363 egregia
520 3281 560 3347 de
581 3281 723 3348 Asconio
759 3277 947 3369 Pedian03).
995 3279 1068 3347 Hoo
1092 3281 1179 3348 enim
1202 3279 1312 3359 libello
1335 3297 1408 3346 oum
1473 3359 1475 3362 ¹

228 3386 498 3472 luculentissime,
512 3407 596 3469 quae
605 3386 749 3470 genuina
760 3406 908 3469 quaeque
921 3388 1089 3455 subditiva
1100 3387 1188 3455 inter
1200 3387 1270 3454 eius
1283 3387 1410 3471 scripta

229 3503 354 3574 essent,
379 3495 523 3579 doceret,
549 3503 682 3562 ooaatus
714 3502 766 3562 est
788 3497 830 3561 de
860 3496 1009 3563 omnibus
1032 3514 1117 3577 quae
1141 3501 1210 3562 tum
1234 3495 1409 3579 divulgata

229 3607 328 3666 erant
369 3600 502 3668 scholiis
544 3601 770 3670 Ciceronianis
808 3605 913 3669 verba
948 3603 1072 3669 faeere.
1126 3603 1243 3685 ltaque
1277 3602 1353 3670 inde
1388 3622 1408 3668 a

231 3725 305 3790 pag.
322 3708 386 3772 142
411 3709 452 3773 de
474 3707 666 3791 interpretis
680 3707 855 3776 Bobienris
879 3715 992 3775 aetate
1008 3716 1107 3791 atque
1123 3709 1231 3777 indole
1254 3708 1406 3777 iudicium

303 3904 326 3971 ¹)
345 3903 382 3958 Μ.
401 3902 515 3958 Cornelii
532 3903 672 3958 Frontonis
695 3903 823 3974 reliquiae
842 3904 875 3959 ab
894 3907 962 3974 ung.
984 3905 1038 3960 Mai
1063 3907 1179 3975 primum
1197 3906 1291 3960 editas.
1310 3905 1407 3960 iterum

231 3989 316 4045 edidit
331 3991 460 4048 Niebuhr.
497 3991 614 4048 Beroliui
633 3993 711 4050 1816.

306 4080 380 4142 ou.
408 4081 486 4137 tollii
513 4083 648 4138 Ciosrords
675 4083 715 4138 Vl
742 4083 890 4139 orationum
910 4088 1049 4154 portes...
1081 4084 1197 4139 ineditae
1214 4099 1276 4138 oum
1299 4083 1408 4154 antiquo

231 4169 377 4238 interprete
401 4175 451 4227 sto.
470 4172 550 4226 editio
568 4171 660 4229 altera.
696 4171 841 4227 Mediolani
859 4171 1082 4242 MDOOOXVH„
1110 4173 1139 4228 in
1166 4189 1219 4244 qua
1242 4173 1313 4226 inest
1335 4188 1407 4227 oom-

232 4259 361 4314 mentatio
379 4260 412 4314 de
429 4260 547 4332 principe
565 4261 680 4316 editione
697 4261 896 4316 Mediolanensi.

305 4347 325 4418 ³)
343 4349 386 4403 De
404 4348 435 4415 Q.
453 4350 562 4405 Asconii
578 4350 690 4405 Padiaui
707 4356 736 4406 et
752 4350 863 4406 ιιίἰοιιιιιι
881 4353 1003 4413 somnum
1027 4351 1204 4420 interpretum
1227 4351 1255 4404 in
1272 4351 1407 4406 Ciceronis

227 4438 361 4493 orationes
379 4439 574 4494 oommentariis
587 4437 730 4508 disputatio
748 4439 844 4496 oritioa
881 4440 1011 4496 Hermu.
1044 4438 1299 4496 ltnoocxxvm.

1195 4531 1209 4583 1
