3230 5254
35 579 36 582 ¹
160 602 283 666 hausta
317 606 401 681 sunt,
436 600 519 666 haec
554 605 692 666 extant:
734 596 838 682 noua
872 597 1024 684 ἔγκλησις,
1059 595 1149 679 278,
1187 594 1338 682 μυθῶδες,

161 711 267 789 271118
291 713 427 791 ἐναντία;
450 711 556 794 236,13
569 714 743 800 χειροτονία,
762 708 865 790 241,21
880 709 1065 796 τραπεζῖται,
1084 706 1186 792 torp,
1202 708 1340 796 ψήφισμα

161 821 255 901 306,3
281 825 459 910 λειτουργοί.

253 929 370 1009 ltaque
400 947 472 994 cum
497 928 765 996 commentarium
790 926 912 994 saeculi
937 926 1046 1006 quarti
1071 943 1144 990 esse
1168 923 1338 990 intellexe-

159 1035 274 1118 rimus,
303 1037 368 1102 iam
401 1038 622 1116 quaerendum
655 1041 714 1114 est,
749 1042 858 1101 utrum
882 1032 1047 1114 integrum
1073 1051 1145 1098 cum
1169 1038 1339 1098 teneamus

160 1161 204 1208 an
236 1147 349 1225 partes
381 1149 510 1210 tantum
541 1149 696 1212 servatae
721 1143 797 1208 sint.
845 1139 950 1207 Huius
975 1138 1176 1220 quaestionis
1200 1141 1338 1205 alteram

160 1256 289 1333 partem
314 1260 404 1316 recte
422 1249 633 1334 SchillIngins
648 1247 818 1316 tractauit.
864 1248 946 1316 Nam
966 1265 1038 1312 cum
1056 1245 1338 1325 stapulensem

159 1355 252 1423 dicat
282 1360 320 1422 ia
350 1377 529 1438 proxumae
560 1359 716 1426 orationis
747 1354 783 1440 (i.
809 1373 837 1420 o.
862 1353 1090 1440 Maronianae)
1115 1356 1338 1422 conmentario

160 1483 197 1530 se
222 1465 263 1528 de
286 1462 441 1545 Scipione
464 1465 569 1531 verba
592 1461 713 1529 fecisse
738 1470 772 1528 et
795 1480 868 1528 cum
891 1463 925 1528 in
950 1460 1161 1544 palimpsesto
1184 1460 1237 1526 hic
1254 1479 1338 1525 oom-

161 1568 342 1636 montanus
373 1589 437 1637 non
469 1576 575 1650 extet,
606 1576 698 1653 patet
724 1567 894 1635 librarium
926 1569 1029 1635 totius
1060 1567 1167 1651 operis
1191 1568 1339 1649 singulas

163 1681 290 1744 tantum
327 1685 440 1761 partes
483 1678 516 1744 in
549 1695 642 1744 suum
685 1677 804 1743 librum
843 1675 1066 1742 transtulisse.
1114 1676 1178 1742 Sed
1202 1675 1340 1741 alteram

166 1789 302 1866 partem,
328 1803 411 1865 qnae
434 1786 478 1850 an
502 1784 704 1865 singularum
721 1781 902 1850 orationum
920 1782 1044 1848 scholia
1062 1782 1214 1864 pertinet,
1231 1784 1340 1848 sintne

165 1891 259 1957 nobis
292 1891 424 1975 Integra
459 1896 593 1958 servata
621 1908 743 1973 necne,
777 1909 974 1971 quamquam
998 1889 1114 1971 attigit
1136 1889 1189 1958 vir
1212 1890 1339 1973 doctus,

160 2016 228 2064 non
244 2007 336 2065 recte
352 1998 520 2068 tractavit.
546 1999 726 2078 Scholia,
750 1996 868 2081 inquit,
881 2016 902 2062 a
917 1995 1090 2062 librario
1114 1997 1339 2064 adverbum

160 2104 447 2188 transscripta
486 2124 580 2171 esse
616 2107 690 2172 iarn
724 2123 768 2170 aa
792 2123 833 2169 re
869 2104 967 2171 satis
1001 2110 1195 2188 apparet,
1236 2105 1338 2185 quod

159 2211 261 2278 illud
283 2217 320 2279 ia
336 2235 516 2294 maxumae
531 2215 686 2280 orationis
699 2215 922 2279 commentario
938 2211 1189 2293 descripsit,
1208 2231 1339 2292 quam-

160 2338 291 2399 quam
316 2319 647 2385 MureuIanam
670 2318 936 2386 orationem
962 2319 1180 2386 omiserat.
1213 2321 1339 2387 Tamen

159 2425 209 2492 eis
242 2426 323 2492 nihil
351 2428 594 2493 demonstratur
631 2426 694 2492 nisi
727 2425 761 2491 id
796 2425 940 2491 scholion
969 2427 1134 2507 integrum
1158 2445 1179 2490 a
1201 2424 1338 2492 librario

162 2532 363 2616 descriptum
397 2552 478 2600 esse.
524 2534 626 2598 Immo
652 2551 712 2618 ego
737 2533 962 2600 demonstrare
987 2551 1082 2614 posse
1111 2531 1192 2598 mihi
1224 2533 1339 2599 videor

162 2640 290 2706 scholia
317 2640 366 2707 ita
399 2647 556 2723 excerpta
580 2659 662 2722 esse,
688 2647 813 2706 utnon
837 2642 942 2706 solum
965 2640 998 2704 iu
1023 2639 1161 2722 siuguhs
1185 2640 1337 2706 orationi-

160 2748 225 2813 hus
257 2766 375 2830 magna
403 2767 480 2830 pars
504 2748 753 2814 adnotationum
778 2746 898 2813 omissa
922 2749 973 2829 sit,
1000 2748 1058 2813 sed
1083 2748 1183 2813 ctiam
1207 2748 1337 2829 saepius

160 2853 195 2918 in
221 2853 354 2920 scholiis
377 2854 457 2936 ipsis
481 2858 585 2922 verba
607 2855 730 2938 integri
753 2854 977 2922 commentarii
993 2863 1122 2921 mutata
1137 2855 1192 2923 vel
1208 2857 1338 2923 omnino

160 2960 325 3044 neglecta.

252 3069 291 3133 ln
335 3068 482 3135 omuibus
519 3068 604 3134 enim
645 3069 848 3135 orationibus
887 3068 1028 3153 plurima
1066 3069 1141 3136 aliis
1176 3071 1337 3151 capitibus

160 3173 286 3240 scholia
336 3175 518 3256 adduntur,
571 3174 644 3242 aliis
698 3176 789 3242 nulla
842 3175 932 3255 fere,
992 3196 1186 3258 quamquam
1233 3197 1338 3259 neque

161 3280 317 3348 breviora
375 3282 460 3347 haec
517 3289 594 3348 suut
655 3301 751 3364 quam
808 3282 866 3348 illa
923 3302 1029 3364 neque
1087 3286 1187 3350 rebus
1237 3284 1338 3352 iuter·

162 3389 335 3471 protendis
371 3395 495 3456 carent.
546 3389 664 3470 Itaque
700 3409 772 3457 cum
808 3391 898 3456 nulla
932 3391 1027 3456 huius
1062 3391 1203 3457 rationis
1238 3410 1338 3457 causa

160 3495 301 3562 inveniri
342 3496 461 3580 possit,
505 3503 693 3580 excerptum
739 3517 760 3562 a
791 3497 927 3562 librario
963 3497 1231 3564 commentarium
1267 3517 1339 3566 esse

160 3610 416 3670 consentaneum
440 3605 583 3670 videtur.
631 3603 762 3686 Optime
787 3611 895 3670 autem
919 3605 980 3671 hoc
1009 3607 1042 3671 in
1068 3605 1222 3672 Sestiana
1244 3607 1339 3673 Vati·

159 3707 262 3775 niana
285 3709 452 3776 Archiana
477 3709 686 3793 perspicitur.
711 3710 872 3790 aquibus
896 3712 929 3777 iu
944 3714 1049 3794 prima
1065 3720 1237 3795 postquam
1250 3715 1336 3780 XIII

159 3815 272 3899 capita
284 3817 532 3884 accuratissime
550 3817 729 3900 explicavit
751 3817 927 3902 interpres,
945 3821 1066 3885 nullum
1085 3821 1230 3887 scholion
1244 3822 1336 3906 XIV,

158 3922 234 4005 XV,
266 3923 350 3990 XVI
373 3924 478 4006 addit3
512 3925 628 3990 codem
651 3925 747 3991 modo
772 3924 854 3991 nihil
878 3926 911 3991 in
936 3925 1037 3993 XXX
1061 3936 1094 3994 et
1118 3927 1256 3994 XXXII
1279 3930 1335 3995 ad-

158 4037 264 4113 notat,
288 4029 322 4097 in
353 4032 471 4097 XXXI
493 4050 592 4098 uuum
616 4030 761 4098 scholion
786 4032 917 4100 adiecit.
966 4034 1089 4099 Contra
1112 4034 1145 4100 in
1170 4035 1335 4115 XXXIII,

159 4155 356 4218 quamquam
387 4138 529 4220 plurima
552 4139 587 4204 in
601 4139 722 4206 lacuna
744 4139 922 4224 perierunt,
948 4148 1017 4206 tres
1033 4141 1122 4206 locos
1138 4141 1336 4223 iuterpreta-

158 4251 214 4310 tus
255 4253 318 4310 est.
382 4245 514 4311 Scholia
550 4245 669 4328 capitis
703 4247 850 4315 XLVIII
886 4255 1085 4333 sequuntur,
1122 4267 1207 4330 quae
1241 4251 1341 4315 adno-

156 4353 338 4420 tanturLl.
363 4353 488 4419 Eodem
512 4354 606 4418 modo
629 4353 663 4419 iu
680 4353 859 4420 Vatiniana
876 4355 964 4422 XIII
988 4363 1085 4439 caput
1107 4357 1206 4441 plane
1229 4357 1338 4440 neglc-

159 4457 264 4541 gitur,
309 4477 506 4541 quamquam
550 4460 678 4542 reliqna
713 4461 938 4545 copIosIssime
974 4472 1170 4530 tractantur.
1233 4466 1340 4545 Atque
