3230 5254
740 427 782 496 27

255 623 317 692 His
352 623 510 708 expositis
545 633 670 694 certum
709 625 787 694 mihi
828 625 957 709 quidem
993 626 1124 694 videtur
1162 631 1346 715 παλινῳδίαν

159 732 349 798 orationem
371 750 436 800 uon
458 731 571 802 inisse.
618 736 777 800 Attamen
813 734 853 800 de
877 732 995 816 scripti
1028 732 1116 800 illins
1151 753 1274 820 genere
1310 741 1345 802 et

159 837 273 906 foruna
307 856 366 904 non
403 839 500 922 plane
535 839 616 906 nihil
648 840 733 906 scire
768 839 989 907 conitendum
1025 845 1088 908 est.
1135 843 1230 928 Nam,
1259 842 1345 925 qnod

156 945 376 1012 Drumannus
399 943 521 1027 aliique
544 945 609 1013 viri
633 945 720 1014 docti
745 946 786 1014 de
808 945 999 1014 laudatione
1015 946 1169 1015 Caesaris
1193 946 1345 1017 fabulan-

160 1057 230 1135 tur,
267 1069 325 1118 eas
360 1069 465 1136 nugas
501 1071 574 1119 esse
609 1060 700 1120 recte
724 1052 938 1122 Ranschenus
972 1052 1131 1137 exposuit.
1177 1059 1223 1123 At
1258 1056 1344 1138 qnod

161 1159 251 1226 idem
289 1159 493 1242 descripto,
525 1161 612 1241 quod
636 1159 768 1226 aliunde
792 1178 857 1226 non
882 1165 995 1226 notum
1020 1158 1069 1256 sit
1086 1160 1144 1243 agi
1161 1181 1226 1230 non
1250 1180 1344 1243 posse

162 1273 289 1349 censet,
325 1264 359 1332 id
395 1284 498 1350 nego:
531 1265 629 1333 inuno
666 1286 730 1340 non
765 1265 948 1334 :nuendum
983 1266 1044 1334 hoc
1079 1266 1157 1336 milui
1191 1268 1342 1353 videtur,

167 1371 320 1453 qnoniam
357 1372 440 1439 talia
474 1371 672 1440 amicissimo
707 1373 820 1440 Attico
856 1373 970 1440 Cicero
1005 1372 1131 1441 scribit.
1182 1373 1280 1458 Quid,
1315 1375 1344 1441 si

167 1478 297 1547 omuino
331 1498 430 1546 uuum
455 1479 517 1546 hoc
534 1485 663 1547 tantum
681 1481 850 1564 exemplar
866 1479 970 1548 exiit?
994 1480 1240 1550 MeminerImns
1256 1481 1343 1550 initii

171 1583 344 1668 epistulae:
368 1588 505 1671 urpedar
527 1588 567 1652 cd
591 1607 634 1666 eo,
660 1587 703 1652 od
726 1609 819 1670 qaam
841 1590 917 1654 miei
947 1609 1044 1671 aeque
1066 1589 1219 1654 habebam
1242 1610 1341 1655 emm·

170 1693 253 1774 par.
297 1690 388 1758 Nihil
415 1703 532 1774 postea
560 1693 601 1760 de
624 1693 687 1760 hoc
708 1692 842 1778 scripto,
866 1693 958 1760 nulla
981 1692 1152 1776 promissio
1176 1713 1211 1760 se
1226 1693 1341 1762 Attico

169 1797 352 1867 missurum.
399 1801 510 1880 Atque
540 1798 569 1866 si
596 1818 717 1869 revera
749 1800 872 1884 pudore
905 1801 1044 1880 quodam
1075 1799 1250 1883 impeditus
1280 1808 1340 1883 cst,

164 1905 309 1974 ¹fortasse
344 1906 444 1974 etiarn
480 1905 560 1973 illud
592 1895 761 1990 exemplar
797 1907 1000 1974 reddendum
1037 1907 1176 1974 curavit.
1207 1945 1252 1956 --
1274 1909 1341 1976 Sed

165 2014 249 2084 haec
275 2015 480 2084 coniecturae
504 2023 589 2102 suut,
614 2017 674 2084 hoc
689 2016 784 2085 nobis
801 2024 932 2085 constat
954 2021 1137 2104 παλινῳδίαν
1160 2018 1341 2088 orationem

164 2141 232 2190 uon
256 2121 369 2191 fnisse.

255 2228 374 2298 Cetera
397 2231 588 2298 Moscheni
611 2239 807 2313 argumenta
830 2232 913 2300 nihil
947 2238 1061 2300 contra
1095 2232 1181 2299 hauc
1210 2241 1341 2301 senteu-

163 2334 247 2402 tiam
270 2339 402 2420 valent:
433 2337 530 2404 etiam
556 2339 641 2421 quod
671 2337 943 2421 praepulium,
975 2358 1036 2420 quo
1064 2344 1212 2421 tempore
1236 2341 1340 2408 maius

168 2441 202 2508 in
223 2441 322 2513 villas
345 2443 411 2510 iter
426 2446 570 2526 parabat
593 2463 658 2511 nou
681 2445 826 2512 scribere
850 2447 1010 2527 potuisse:
1037 2445 1174 2512 Crassos
1188 2449 1341 2514 viaticum

165 2554 321 2634 praeapte
343 2569 454 2618 merus
471 2569 563 2618 error
587 2566 638 2618 est
661 2551 725 2619 viri
749 2551 838 2618 docti
861 2553 962 2620 verba
979 2550 1145 2618 Ciceronis
1161 2571 1225 2620 non
1250 2561 1340 2620 recte

165 2654 433 2741 interpretantis:
464 2657 640 2726 Artissime
669 2677 739 2725 cum
765 2657 825 2737 eie,
856 2677 939 2738 quae
968 2658 1186 2744 praecedunt,
1223 2662 1339 2727 cohae-

162 2770 255 2830 rent:
296 2764 488 2848 Crassipedi
525 2785 631 2848 nuper
666 2765 813 2851 (inenute
844 2764 967 2850 Aprili)
1001 2764 1102 2832 filiam
1137 2783 1231 2832 suam
1266 2785 1338 2834 curn

162 2871 392 2955 despondisset
417 2873 542 2954 Cicero,
579 2874 638 2939 doe
666 2872 698 2940 ei
730 2873 923 2940 collocanda
947 2880 1007 2940 est.
1055 2869 1214 2954 Queritnr
1238 2873 1339 2956 igitur

161 2998 223 3062 per
253 2979 363 3048 iocum
394 2999 429 3046 se
461 2999 500 3046 eo
534 2979 705 3063 impediri,
741 2981 912 3061 quominus
947 2978 1012 3046 iter
1043 2981 1203 3061 perbreve
1238 2980 1337 3048 Antio

159 3085 299 3152 Romam
335 3083 439 3152 faciat
469 3086 592 3157 viatico
625 3094 799 3169 praerepto
832 3086 970 3166 ideoque
1002 3084 1065 3152 sibi
1088 3086 1185 3154 valde
1209 3093 1338 3168 gratnm

163 3211 248 3272 esse,
273 3194 359 3273 quod
383 3193 506 3260 amicus
529 3195 658 3260 domum
683 3192 918 3260 aedificandam
943 3190 1087 3277 cureat)

160 3337 162 3344 ·
254 3300 381 3382 ltaque,
407 3319 479 3367 cunr
496 3301 600 3367 denuo
618 3301 846 3380 quaerendum,
859 3298 911 3381 sit,
934 3317 996 3379 qno
1013 3306 1159 3380 ternpore
1177 3300 1337 3381 epistulae

161 3426 183 3472 a
206 3405 271 3473 IVb
295 3408 338 3472 ad
361 3408 462 3475 ἯΠ8
488 3406 631 3490 scriptae
655 3406 731 3486 sint,
758 3425 813 3472 eos
838 3425 966 3488 sequor,
991 3403 1102 3486 quiin
1131 3405 1259 3490 itinere,
1295 3409 1336 3474 de

160 3511 256 3580 cuins
279 3512 408 3580 ratione
442 3516 484 3580 ad
515 3511 652 3580 fratrem
683 3511 869 3595 scripserat,
903 3529 1011 3578 mense
1036 3510 1143 3595 Aprili
1172 3514 1225 3580 vel
1248 3514 1336 3580 Maio

161 3637 220 3686 eas
244 3622 342 3688 datas
366 3639 439 3687 esse
455 3628 600 3688 censent.
647 3619 733 3685 Huic
757 3618 902 3702 opinioni
925 3617 1033 3684 omnia
1054 3617 1183 3688 favent:
1229 3622 1337 3688 Rede-

163 3729 235 3796 unti
259 3728 409 3798 Ciceroni
432 3731 568 3798 Antium
593 3731 871 3812 praetereundum
896 3737 987 3812 erat:
1011 3733 1052 3796 de
1077 3732 1153 3798 dote
1177 3729 1335 3812 queritur,

162 3855 260 3918 qunun
298 3837 394 3918 paulo
439 3846 514 3920 post
556 3839 687 3918 nuptias
727 3836 917 3919 Crassipedi
964 3837 1187 3906 collocandam
1233 3836 1335 3904 fnisse

162 3942 433 4011 verisimillimum
472 3951 539 4025 est;
576 3943 718 4027 epistula
748 3945 814 4010 Vll
845 3986 888 3996 —
918 3945 963 4028 id,
1000 3946 1085 4026 quod
1118 3945 1335 4011 Ranschenus

235 4141 280 4206 16)
301 4142 390 4209 Atque
417 4143 539 4194 tenemus
570 4140 597 4192 ni
628 4139 705 4194 fallor
730 4140 811 4196 Attici
837 4156 1007 4209 responsum:
1033 4139 1146 4209 epistula
1172 4138 1242 4192 enim
1267 4137 1335 4192 VllI

160 4227 270 4284 ineunte
296 4231 382 4296 multa,
402 4229 487 4297 inquit
510 4229 609 4297 Cicera,
635 4247 671 4280 me
697 4234 723 4280 in
741 4233 845 4296 epistula
865 4239 909 4282 tua
928 4231 1089 4295 delectarunt,
1113 4229 1158 4279 sed
1172 4229 1239 4278 nihil
1255 4233 1336 4294 tnagis

160 4337 235 4387 quam
260 4322 354 4386 patina
380 4322 544 4386 tyrotarichi,⁸
574 4337 632 4368 nam
656 4321 684 4369 de
711 4321 870 4378 raudusmlo,
898 4321 965 4386 quod
979 4321 1074 4386 scribis,
1095 4317 1171 4387 μήπω
1191 4311 1243 4385 μέγ’
1265 4315 1335 4392 εἴπῃς

160 4409 215 4478 πρὶν
228 4404 396 4478 τελευτήσαντ’
414 4407 477 4485 ἴδῃς.
515 4410 631 4477 Apparet
644 4408 761 4464 Atticum
775 4410 807 4463 de
822 4409 903 4463 nimia
915 4408 1048 4463 Ciceronis
1061 4406 1221 4475 parsimonia
1246 4405 1334 4460 iocose

162 4499 337 4569 respondisse.
