3230 5254
851 395 894 462 24

283 597 388 662 dendo
414 617 536 662 moroso
560 597 681 662 bootiui
716 595 967 682 cumulatissime
1001 593 1216 676 satisfecimus
1237 600 1266 660 ei
1281 643 1288 658 .
1306 644 1339 659 ..
1373 593 1487 658 Voti-

281 705 375 768 oium
491 703 688 769 concidimus
719 702 770 767 dis
801 701 1041 783 hominibusque
1067 700 1305 781 plaoodoutibos.
1368 700 1484 784 Quae

284 809 421 891 septimo
456 808 528 874 loco
564 807 672 890 posita
708 812 772 886 est,
809 809 914 872 oratio
950 807 991 872 de
1024 805 1200 889 provinciis
1234 806 1482 874 consularibus

285 917 430 982 dubitari
459 915 588 998 nequit,
620 913 698 997 quin
725 919 798 996 post
827 913 876 986 Id.
900 913 999 980 Mart.
1032 933 1052 980 a
1076 914 1234 982 Cicerone
1263 914 1379 982 habita
1406 913 1478 982 sit

285 1024 408 1088 Tamen
435 1024 475 1088 de
498 1029 568 1090 tola
601 1022 699 1100 huius
733 1023 889 1104 temporis
925 1019 1116 1088 condicione
1151 1021 1247 1104 paulo
1272 1020 1479 1089 accuratius

285 1131 511 1196 disserendum
536 1129 678 1197 videtur.

374 1236 496 1319 Cicero,
521 1255 714 1319 quamquam
732 1235 837 1302 frater
853 1235 923 1317 ipse
944 1234 1076 1302 Caesari
1105 1235 1269 1317 pollicitus
1285 1242 1359 1302 erat
1373 1234 1467 1302 nihil

284 1343 431 1410 Marcum
459 1345 612 1411 reducem
637 1351 753 1409 contra
777 1343 829 1408 111
855 1340 1130 1416 1111111111111,
1161 1349 1283 1424 tamen,
1313 1340 1470 1409 simulat-

285 1469 348 1531 que
372 1449 406 1514 in
431 1451 571 1533 patriam
596 1449 696 1516 rediit
709 1453 716 1528 ;
754 1449 795 1515 ad
820 1447 1024 1531 optimatium
1057 1450 1248 1516 societatem
1280 1448 1466 1531 applicavit

285 1575 368 1623 seso.
415 1559 535 1641 Atque,
561 1576 630 1622 cnm
656 1557 720 1622 iam
745 1563 845 1622 antea
869 1557 1089 1622 dissensiones
1114 1564 1208 1623 11111
1240 1564 1352 1624 133111
1375 1554 1463 1622 inter

284 1664 472 1746 Pompeium
497 1664 644 1746 illosque,
668 1683 779 1730 mense
804 1664 956 1730 Ianuario
979 1664 1013 1730 11
1037 1671 1156 1730 311111
1181 1665 1256 1730 dum
1280 1664 1393 1746 agitur
1417 1665 1457 1730 de

285 1790 364 1856 rege
399 1772 591 1838 Ptolemaeo
615 1770 821 1854 reducendo,
856 1770 1031 1853 Pompeius
1065 1770 1294 1854 gravissimam
1331 1772 1455 1838 cladem

285 1879 423 1961 accepit.
455 1879 584 1944 Deinde
609 1897 680 1944 cum
695 1863 843 1944 ’1111111
866 1877 977 1943 Clodio
1002 1886 1118 1960 aperte
1142 1881 1395 1960 oppugnaretur,
1418 1878 1449 1942 11

285 2005 387 2051 causa
411 1984 563 2052 Sestiana
588 1984 874 2054 vehementissime
899 2005 918 2050 a
942 1983 1102 2051 Cicerone
1125 1985 1234 2052 laesus
1260 1985 1319 2052 est.
1366 1982 1449 2048 Vati·

284 2092 358 2159 nius
385 2091 468 2158 enim
498 2093 565 2172 ille,
603 2092 642 2156 de
676 2091 768 2158 cuius
804 2091 1065 2173 interrogatione
1100 2093 1205 2158 verba
1229 2091 1330 2158 Tullii
1367 2093 1454 2157 modo

284 2199 480 2290 andivimus
506 2198 784 2281 tribunusplebis
809 2198 930 2281 optime
955 2199 994 2264 de
1018 2198 1147 2282 legibus
1163 2198 1268 2280 Iuliis,
1293 2197 1459 2279 inquibus

285 2305 383 2372 etiam
409 2307 467 2372 illa
493 2307 532 2370 de
568 2308 653 2371 actis
677 2305 811 2387 Pompei
846 2312 928 2388 erat,
964 2304 1171 2388 perferendis
1207 2305 1342 2374 meritus
1379 2311 1462 2372 1111.

287 2413 372 2496 Quin
398 2413 497 2479 etiam
523 2413 637 2478 Cicero
662 2415 765 2479 Nonis
790 2411 960 2494 Aprilibus
977 2420 1091 2490 senatu
1106 2413 1292 2495 plaudente
1316 2413 1357 2478 de
1381 2432 1463 2495 agro

286 2521 451 2604 Campano
487 2519 601 2587 Idibus
625 2519 753 2586 Martiis
792 2519 1002 2585 referendum
1033 2539 1106 2586 esse
1131 2519 1267 2586 censuit.
1326 2521 1378 2586 Ab
1402 2520 1465 2586 hoc

286 2628 339 2718 die
363 2639 480 2720 autem*
498 2627 602 2719 adiuti
627 2627 764 2718 egregia
787 2626 980 2724 Mommseni
1012 2626 1232 2708 disputatione
1263 2628 1310 2712 (in
1336 2628 1463 2709 ephem.

285 2715 692 2828 111111111111184411.
717 2732 781 2800 593
807 2735 890 2819 sqq.)
927 2733 1175 2800 accuratissime
1200 2733 1308 2801 edocti
1341 2752 1465 2816 311113,

288 2860 371 2923 qnae
397 2842 511 2932 egerit
528 2842 641 2932 Cicero
665 2860 767 2930 usque
792 2843 834 2906 ad
857 2861 885 2906 a.
910 2843 939 2906 d.
966 2841 1015 2906 VI
1038 2841 1087 2907 Id.
1112 2839 1229 2924 April,
1265 2861 1327 2922 quo
1353 2839 1406 2908 die
1429 2841 1464 2908 in

285 2948 382 3038 villas
393 2967 482 3040 3113
498 2949 601 3030 Roma
624 2947 792 3029 profectus
810 2955 870 3014 est.
903 2946 1020 3014 Omnia
1038 2947 1162 3042 scripta
1178 2955 1256 3014 srrnt
1272 2947 1303 3012 in
1323 2947 1465 3029 epistula

286 3054 497 3148 adeuintum
522 3055 660 3146 tratrem
679 3053 786 3146 missa,
812 3055 871 3141 (11,
896 3055 968 3134 bn.)
993 3074 1098 3136 neque
1122 3056 1161 3120 de
1179 3055 1327 3121 oratione
1349 3053 1465 3122 habita

286 3163 424 3250 quadam
452 3164 624 3254 quicquam
648 3163 694 3228 ibi
717 3162 911 3232 invenimus.
957 3162 1028 3227 Iam
1053 3182 1103 3247 ea,
1141 3181 1224 3243 qnae
1248 3164 1332 3228 hanc
1356 3161 1463 3242 sequi-

285 3276 348 3353 tur,
374 3269 515 3361 epistula
527 3271 659 3334 nuntiat
683 3268 781 3334 fratri
797 3289 882 3335 nunc
899 3271 1027 3336 demum
1046 3289 1081 3334 se
1098 3271 1139 3334 ab
1156 3270 1211 3336 illo
1228 3269 1359 3336 litteras
1372 3287 1464 3334 acce·

287 3379 383 3460 pisse.
445 3377 519 3442 Hae
549 3376 661 3458 quales
699 3376 824 3441 fuerint
846 3376 912 3441 iam
936 3374 1098 3458 suspicari
1121 3376 1201 3442 licet
1236 3395 1276 3441 ex
1300 3377 1346 3442 eis
1378 3395 1463 3458 quae

286 3485 329 3550 ad
353 3485 527 3550 Lentulum
552 3483 668 3549 scribit
691 3482 754 3569 (ad.
781 3483 847 3550 div.
873 3484 898 3565 Ι,
924 3481 999 3569 aa).
1049 3482 1224 3565 Pompeius
1260 3483 1355 3565 enim,
1390 3501 1462 3548 cum

285 3593 397 3658 Lucae
421 3592 510 3672 apud
534 3591 708 3657 Gaesarem
741 3597 839 3673 esset,
875 3592 973 3658 valde
1009 3592 1049 3657 de
1074 3590 1229 3658 Cicerone
1266 3596 1462 3672 conquestus

286 3698 554 3784 eratipsumqne
578 3698 743 3791 Quintum,
770 3718 842 3764 cum
867 3698 900 3764 in
925 3698 1110 3766 Sardiniam
1135 3697 1292 3780 venisset,
1328 3695 1382 3762 nbi
1404 3696 1462 3762 ille

285 3807 416 3888 legatus
450 3806 647 3871 versabatur
671 3804 703 3870 in
728 3825 764 3871 re
789 3805 1006 3871 frumentaria
1038 3803 1323 3887 administranda,
1357 3802 1463 3869 incre·

287 3911 358 3995 puit
382 3914 421 3977 de
445 3911 551 3978 Marci
575 3912 668 3979 actis.
717 3913 812 3979 Talia
835 3912 869 3978 in
899 3912 956 3978 illa
975 3897 1123 3996 'epistula
1148 3911 1251 3978 fuisse
1268 3915 1404 3977 narrata
1420 3929 1461 3975 ex

287 4018 454 4084 Ciceronis
478 4020 590 4086 verbis
626 4018 724 4084 etiam
749 4018 829 4100 ipsis
865 4018 1019 4085 hocloco
1056 4017 1250 4084 concludere
1281 4035 1459 4099 possumne,

287 4128 349 4208 qni,
374 4134 546 4209 postquam
573 4125 724 4208 exposuit
746 4126 780 4191 in
804 4109 921 4192 senatu
945 4126 993 4191 Id.
1010 4127 1086 4191 Mai.
1111 4124 1193 4191 nihil
1210 4126 1250 4190 de
1275 4143 1353 4207 agro
1371 4125 1461 4190 Cam·

285 4229 370 4314 pano
395 4247 501 4299 actum
528 4251 598 4299 1331
612 4226 747 4314 ⁴sibique
764 4232 797 4298 in
811 4251 851 4298 ea
868 4249 968 4298 causa
985 4251 1104 4313 aquam
1121 4233 1267 4313 11111111,
1285 4232 1340 4297 sed
1349 4231 1459 4319 pluro,

285 4338 404 4423 inquit,
428 4363 523 4424 quom
547 4344 781 4407 constitueram.
829 4341 948 4436 Antea
963 4338 1046 4406 enim
1070 4338 1199 4406 dixerat
1223 4357 1258 4404 se
1275 4339 1314 4404 de
1332 4336 1460 4422 ceteris,

285 4465 368 4528 quae
393 4446 498 4512 frater
522 4447 711 4530 scripserat,
738 4465 846 4512 coram
871 4464 941 4513 enm
964 4447 1020 4513 illo
1036 4446 1123 4527 loqui
1140 4447 1234 4513 velle.
1281 4445 1331 4511 De
1347 4444 1460 4512 Idibus
