3230 5254
748 388 788 458 15

180 589 293 658 Cicero
305 589 344 656 L.
361 586 504 655 Domitio
522 585 631 671 Appio
649 584 785 653 Claudio
802 603 884 652 coss,
901 583 1057 672 (700154)
1075 585 1219 652 ultimam
1236 584 1354 671 posuit.

181 696 273 764 Illius
295 704 408 761 autem
438 712 557 761 nomen
587 692 758 760 intercidit
787 693 822 758 in
851 693 972 760 lacuna
996 699 1151 774 quattuor
1173 691 1243 760 iere
1266 691 1355 760 litte-

168 805 298 870 rarum.
322 800 539 869 Coniocernut
562 799 664 884 igitur
681 799 753 868 -viri
786 798 874 866 docti
907 801 947 865 de
973 799 1095 866 Tirone
1118 798 1242 867 dictum
1270 817 1352 869 esse.

176 910 247 977 Nec
282 915 393 975 tamen
428 907 463 972 id
496 905 669 990 probabile
697 913 786 990 puto.
842 907 896 973 Ex
928 905 977 974 eis
999 905 1085 974 onim
1118 907 1239 989 causis,
1273 925 1355 988 quas

179 1019 354 1083 enumerat
362 1012 534 1096 Asconius,
544 1013 795 1082 utPisouianam
804 1031 890 1080 anno
899 1014 1119 1099 praecedente
1127 1013 1273 1080 habitam
1282 1031 1355 1081 csse

176 1125 310 1204 doceat,
341 1119 549 1187 manifestum
583 1120 621 1186 fit
650 1139 734 1202 eum,
760 1139 854 1201 quem
879 1120 1120 1206 appellaverat,
1143 1121 1198 1186 vel
1220 1119 1355 1187 immani

178 1230 324 1312 quadam
346 1226 558 1311 neglegentia
581 1227 765 1295 orationem
789 1221 953 1294 tractasse
976 1229 1033 1295 vel
1056 1225 1187 1294 omniuo
1203 1232 1354 1312 tempora

180 1333 349 1404 Ciceronis
383 1333 561 1418 ignorasse.
609 1337 684 1402 Huc
718 1333 785 1401 alia
820 1333 948 1400 accedit
983 1345 1094 1412 causa,
1131 1351 1190 1400 cur
1222 1333 1355 1400 Tironis

182 1461 299 1509 nomen
341 1443 374 1508 in
411 1441 528 1509 lacuna
569 1442 754 1508 demersum
796 1460 928 1525 negem:
963 1444 1000 1508 In
1034 1439 1234 1517 Milonianae
1268 1440 1355 1508 enirn

184 1549 389 1616 enarratione
416 1547 463 1634 (p.
487 1548 595 1635 43,1o.)
617 1547 790 1631 Asconius,
820 1567 892 1615 cnm
909 1547 978 1616 eius
994 1550 1099 1616 verba
1115 1555 1356 1630 commemoret,

181 1657 277 1738 qnasi
309 1655 416 1721 adhuc
452 1655 582 1724 omuino
618 1655 688 1722 eius
722 1655 921 1723 mentionem
956 1675 1020 1723 non
1056 1654 1176 1722 iecerit
1210 1657 1356 1723 libertam

188 1761 346 1830 Ciceroma
365 1761 460 1830 addit
483 1768 707 1844 accurateque
730 1763 860 1847 librum,
892 1781 910 1828 e
935 1781 997 1844 quo
1029 1761 1276 1829 adnotationem
1300 1763 1356 1828 de·

182 1868 329 1953 sumpsit,
363 1867 539 1952 significat.
587 1872 701 1952 ltaque
730 1869 762 1936 in
787 1869 987 1936 Pisonianae
1010 1882 1214 1952 argumento.
1237 1869 1266 1936 si
1288 1886 1354 1936 non

180 1975 300 2044 similia
324 1976 378 2043 vel
403 1976 517 2043 eadem
546 1979 650 2044 verba
675 1978 860 2045 adnomen
884 1978 1016 2060 addita,
1034 2033 1036 2038 ,
1053 1985 1088 2044 at
1112 1984 1201 2046 certe
1224 1976 1356 2060 titulum

178 2082 254 2153 libri
268 2082 542 2169 desideramus.3).
578 2083 748 2168 Suspicari
768 2104 849 2154 vero
870 2084 1014 2152 fortasse
1034 2086 1124 2169 licet,
1147 2104 1212 2168 qua
1228 2086 1284 2154 vic
1313 2085 1356 2150 ad

172 2193 406 2260 ‘coniecturam
437 2192 528 2259 illam
561 2193 602 2258 de
625 2191 804 2260 Pisoniana
835 2194 1026 2261 movendam
1056 2194 1129 2275 quis
1153 2189 1356 2276 pervenerit:

179 2299 221 2365 In
244 2298 387 2381 epistula
411 2301 497 2366 enim
525 2300 568 2365 ad
591 2298 747 2382 Quintum
772 2301 872 2366 missa
894 2299 972 2386 (HI,
1000 2301 1079 2385 l,11)
1102 2298 1269 2367 invectiva
1291 2316 1357 2364 una

183 2422 255 2469 cum
283 2405 466 2472 Scauriana
497 2413 532 2472 et
555 2404 738 2472 Planciano
770 2413 1053 2475 commemoratur.
1102 2405 1221 2472 Verbis
1251 2404 1355 2487 igitur

182 2507 349 2576 Ciceronis
372 2509 407 2577 iu
430 2510 488 2577 illa
511 2511 642 2595 scriptis
659 2511 729 2579 sive
745 2515 866 2596 Nepos,
891 2511 961 2579 sive
986 2512 1069 2578 alius
1092 2512 1120 2578 is
1144 2512 1217 2595 fuit,
1241 2511 1298 2592 qui
1321 2511 1355 2578 in

180 2617 268 2682 bunc
291 2633 435 2683 erorrem
458 2617 590 2701 incidit,
616 2620 775 2702 deceptus
802 2629 862 2686 est.
910 2618 1019 2702 Quare
1048 2637 1121 2685 cum
1151 2617 1282 2684 minime
1314 2621 1354 2683 de

178 2722 302 2796 Tirone
326 2709 391 2790 1110
424 2724 494 2790 1000
530 2725 594 2791 (1101
628 2726 801 2806 videatur,
850 2725 1000 2807 equidem
1034 2729 1075 2793 ab
1110 2726 1172 2792 hoc
1206 2725 1354 2792 ordinem

177 2830 325 2912 corporis
342 2830 550 2898 Ciceroniani
574 2834 753 2899 secundum
776 2835 935 2915 temporis
957 2834 1118 2902 rationem
1142 2833 1354 2900 constitutum

177 2953 250 3002 cose
273 2937 364 3004 haud
387 2939 602 3020 improbabile
627 2940 721 3005 duco.

266 3044 385 3125 Atque,
410 3051 447 3110 ut
458 3063 546 3113 nunc
559 3045 748 3113 omittamus
765 3046 911 3125 ordinem
930 3046 1112 3114 orationum
1129 3046 1353 3114 Tulbanarum

180 3149 373 3217 scholiastae
406 3153 589 3234 Bobiensis,
619 3153 719 3219 etiam
747 3155 890 3220 secundo
926 3162 1000 3237 post
1027 3153 1189 3221 Christum
1223 3155 1353 3220 saeculo

178 3256 293 3322 eodem
322 3259 416 3324 modo
445 3258 622 3342 dispositas
647 3278 720 3326 esse
744 3260 911 3327 orationes
936 3261 1104 3327 Ciceronis
1132 3260 1353 3343 Kicsslingius

176 3360 257 3450 (ind.
283 3364 380 3430 schol.
404 3365 648 3449 Gryphiswald.
674 3364 759 3433 1883
776 3389 808 3450 p.
821 3367 857 3454 6)
882 3369 1109 3435 demonstrare
1133 3373 1268 3433 conatus
1291 3374 1351 3434 est.

174 3468 282 3536 Extat
313 3471 398 3537 enim
429 3471 463 3538 in
494 3474 619 3555 aliquot
651 3473 817 3541 codicibus
840 3475 1038 3557 subscriptio
1063 3473 1118 3560 (ci.
1141 3473 1294 3540 Iahnium
1317 3477 1352 3540 in

175 3585 347 3644 comment.
368 3581 463 3646 acad.
481 3579 555 3647 San
573 3579 658 3647 1851
683 3602 714 3664 p.
740 3581 827 3669 331),
852 3582 892 3647 de
916 3580 1005 3648 cuius
1028 3589 1126 3668 parte
1150 3579 1205 3667 (cf.
1232 3602 1261 3664 p.
1287 3581 1353 3667 14.)

174 3682 238 3750 iam
271 3684 357 3751 dixi:
406 3687 449 3753 Ia
483 3689 658 3772 aceaaplcrc'
691 3691 901 3758 cetastimimo
937 3689 994 3755 doc
1028 3694 1099 3755 mat
1126 3693 1163 3755 aba
1191 3691 1352 3772 morptbe:

178 3791 377 3869 „Eaneadaac'
404 3795 449 3862 ud
478 3795 632 3878 Tproaem
655 3803 683 3862 et
706 3783 986 3883 Laecanioacm.⁴)
1013 3803 1087 3862 acta
1108 3798 1177 3880 ipso
1203 3794 1353 3862 Cicerone

177 3932 389 3945 ᾖ..

269 4002 290 4070 8)
309 4004 358 4058 His
377 4007 526 4060 constitutis
544 4007 597 4061 iam
615 4009 786 4062 manifestum
799 4012 863 4078 puto
875 4007 1018 4078 Nepotis
1038 4023 1144 4078 nomen,
1163 4008 1259 4076 dequo
1272 4009 1352 4062 etiam

174 4089 349 4161 Kiesslingius
375 4093 575 4166 Schoelliusquc
603 4097 758 4166 cogitarunt,
789 4097 831 4151 hio
857 4096 1034 4166 supplendum
1064 4111 1130 4151 csso.
1174 4095 1255 4150 Illum
1280 4098 1351 4151 enim

173 4180 256 4234 eiiam
275 4197 373 4237 annum
396 4184 512 4239 natalem
531 4185 663 4240 Ciceronis
681 4187 817 4255 ignorasse
839 4185 884 4240 vel
902 4201 932 4240 se
950 4187 1053 4240 nescire
1072 4185 1210 4240 simrdasse
1230 4201 1245 4238 e
1266 4186 1350 4242 Gellio

173 4267 245 4340 (XV,
266 4271 392 4344 28,1-'-3)
411 4275 596 4344 comperimus.

175 4353 177 4358 ’
261 4360 283 4428 ⁴)
303 4359 346 4416 Sic
368 4379 466 4417 nornen
488 4363 656 4418 scribendum
682 4365 731 4432 est,
755 4380 809 4418 non
828 4371 1007 4422 Laecanianus
1033 4364 1078 4420 vel
1101 4372 1289 4421 Laecanianus.
1315 4355 1349 4421 cl.

171 4447 230 4518 CIL
249 4451 336 4521 suppl.
355 4451 407 4506 rol.
427 4453 468 4523 Π,
494 4453 579 4524 tica,
606 4453 652 4508 ubi
675 4457 897 4524 commemoratur
925 4453 1108 4508 Glaecaniur
1125 4457 1232 4514 Basaro,
1257 4453 1350 4508 consul
