3230 5254
650 409 863 510 „L

154 605 327 674 orationis
350 624 449 674 cursu
474 605 628 688 equidem
651 607 775 675 nullam
799 625 939 674 causam
957 607 1063 687 video,
1095 626 1156 674 cnr
1174 607 1263 675 illam
1288 611 1343 675 ha·

154 713 367 782 bitam'esss
391 723 469 780 aute
493 714 651 782 mandato
675 713 812 781 Vibullii
842 715 970 797 perlate
998 715 1181 782 credamus.
1233 715 1343 800 Quare

155 827 256 888 recte
274 821 316 887 de
333 819 387 902 sis,
413 839 499 902 quae
515 819 641 902 Cicero,
666 841 738 890 cum
756 821 938 888 orationem
953 821 1102 904 haberet,
1120 823 1161 888 ds
1173 820 1344 905 republica

155 928 288 996 sentire
304 935 437 994 coactns
450 927 504 1010 sit,
517 927 632 996 lhnius
648 927 817 1011 disputare
831 927 965 996 videtur
976 927 1067 994 hisco
1083 927 1173 1012 (hist
1190 931 1281 996 Rom.
1296 928 1344 994 Vl

156 1055 189 1118 p.
217 1033 316 1119 393):
340 1034 439 1101 Die-se
455 1035 563 1100 beiden
585 1035 761 1119 Todselode
784 1035 842 1120 (sc.
859 1034 992 1103 Clodius
1009 1039 1042 1100 et
1058 1034 1185 1121 Cicero)
1208 1037 1345 1104 monna

158 1146 234 1210 ihre
260 1143 472 1227 Priootfeide
493 1143 582 1208 aicit
605 1145 724 1210 enemal
746 1146 792 1210 im
818 1140 973 1210 Interesse
994 1144 1082 1210 ihrer
1107 1143 1220 1210 Portet
1242 1144 1345 1210 rudera

161 1252 281 1318 loeson
328 1250 385 1318 sae
407 1250 529 1332 tondeo
552 1251 622 1316 siole
638 1253 719 1334 jerat
741 1251 828 1318 nott
850 1251 939 1317 meir
958 1253 994 1316 ie
1012 1251 1206 1335 seiodlieloeo
1222 1249 1345 1318 Retico

165 1359 319 1424 maoadcr
341 1357 649 1442 pependberpestellt
674 1359 813 1424 eoadem
835 1379 944 1424 wareo
966 1358 1053 1426 deddc
1066 1380 1108 1424 en
1131 1357 1345 1424 Vaoondetea

171 1465 228 1528 der
256 1463 440 1538 Triumoim
462 1463 633 1547 petendae.
679 1463 756 1545 Ipse
781 1462 950 1529 tamenin
974 1480 1176 1529 communem
1199 1479 1343 1530 errorem

172 1577 285 1651 postca
306 1568 430 1652 incidit,
462 1588 536 1637 cnm
559 1569 644 1637 hano
673 1571 857 1636 orationem
884 1575 963 1637 ante
986 1567 1076 1636 illam
1102 1569 1143 1634 de
1167 1567 1344 1651 provinciis

175 1675 396 1742 consularibus
427 1675 573 1742 habitam
602 1695 675 1743 esse
706 1682 850 1743 censeat.
873 1677 1052 1756 —Atque
1081 1676 1143 1742 hoc
1171 1676 1273 1743 solum
1302 1693 1345 1742 ex

172 1782 240 1866 ipsa
269 1783 418 1850 oratione
450 1783 570 1850 elicere
599 1802 769 1866 possumus
798 1783 946 1850 habitam
978 1800 1051 1850 esse
1082 1803 1153 1849 eam
1183 1790 1216 1848 st
1239 1783 1343 1848 multo

168 1899 241 1972 post
263 1891 447 1974 Megalesia
471 1890 524 1974 (ci.
540 1891 597 1958 illo
614 1895 665 1959 die
687 1891 782 1978 §22)
807 1898 841 1959 et
865 1898 1028 1959 conventu
1048 1892 1158 1958 Lucae
1174 1891 1239 1956 iam
1255 1899 1341 1956 acto.

167 1996 320 2063 Clodium
350 1998 433 2064 euim
462 1998 524 2063 hoc
552 1999 680 2065 demum
709 2006 856 2081 tempore
880 1999 1035 2082 Pompeio
1060 1997 1246 2065 amiciorem
1271 2015 1342 2064 esse

165 2104 334 2174 redditum
357 2124 458 2186 opera
483 2104 635 2171 Caesaris
659 2105 835 2186 Crassique
859 2111 1000 2173 constat.
1047 2106 1127 2188 lam,
1153 2125 1225 2173 cnm
1248 2123 1343 2187 prae·

166 2219 261 2276 terea
293 2210 414 2278 nullum
449 2211 608 2293 temporis
638 2211 793 2280 indicium
824 2212 968 2281 inveniri
1000 2214 1113 2297 possit,
1149 2214 1247 2280 etiam
1278 2211 1344 2281 viri

169 2317 349 2398 clarissimi,
375 2337 448 2384 cum
469 2317 687 2386 Marklandns
703 2328 773 2386 tum
790 2319 927 2386 Wolfius
943 2321 1054 2388 multis
1070 2321 1272 2401 persuadere
1289 2339 1343 2402 po

173 2429 301 2492 luerunt
324 2425 504 2491 orationem
528 2427 657 2492 omnino
675 2425 825 2492 Ciceroni
841 2425 1093 2493 abiudicandam
1111 2445 1193 2494 esse.
1233 2430 1344 2508 Atque

173 2529 308 2598 difficilis
324 2550 405 2599 sane
423 2537 474 2598 est
490 2531 639 2613 quaestio
657 2531 814 2614 temporis
832 2533 1019 2616 deliniendi,
1044 2532 1251 2615 praesertim,
1270 2551 1343 2600 cnm

170 2637 292 2705 Tullius
314 2638 385 2720 ipse
414 2657 477 2705 non
501 2640 574 2705 siue
598 2658 699 2708 causa
723 2640 835 2706 multis
858 2638 939 2706 locis
962 2648 1029 2706 tam
1055 2642 1192 2708 obscure
1216 2640 1343 2707 locutus
1367 2627 1370 2634 ’

166 2745 218 2827 sit,
245 2751 281 2812 ot
304 2745 488 2827 opinionem
512 2748 682 2814 occultare
699 2766 795 2828 quam
820 2746 985 2830 explicare
1009 2747 1164 2814 maluisse
1181 2746 1343 2816 videatur.

164 2851 279 2932 Neque
292 2860 401 2920 tamen
410 2861 488 2935 puto
502 2853 664 2919 infirmari
672 2872 766 2936 posse
780 2853 977 2921 sententiam
992 2863 1149 2938 nostram,
1163 2855 1344 2922 orationem

164 2957 313 3024 habitam
345 2978 426 3038 esse,
457 2979 530 3027 cnm
561 2962 627 3026 iam
658 2980 774 3043 pacem
799 2981 871 3028 cum
895 2961 1038 3028 Caesare
1061 2962 1194 3030 iecisset
1218 2961 1343 3027 Cicero.

164 3067 334 3147 Nusquam
366 3069 452 3133 enim
486 3073 602 3133 contra
624 3067 679 3133 III
710 3069 799 3136 viros
829 3069 918 3152 ipsos
939 3070 1045 3135 verba
1072 3068 1163 3152 iacit,
1195 3067 1343 3136 Clodium

163 3173 371 3257 aggreditur,
396 3193 500 3255 aquo
517 3174 692 3242 lacessitus
717 3184 801 3244 erat.
839 3176 878 3242 In
895 3177 1098 3259 expositione
1114 3196 1234 3258 rernm,
1260 3195 1344 3258 qnae

161 3285 244 3346 ante
268 3280 403 3348 exilium
428 3301 524 3348 sunm
548 3287 663 3364 gestae
688 3289 794 3368 erant,
820 3285 952 3350 taudem
969 3285 1009 3350 de
1027 3283 1171 3351 Caesare
1186 3283 1343 3366 loquitur,

162 3385 224 3452 sed
247 3385 524 3455 moderatissime.
563 3387 663 3453 Certe
687 3387 839 3469 queritur
863 3391 905 3455 de
921 3390 1035 3456 Clodio
1060 3392 1103 3455 ad
1127 3392 1251 3472 plebem
1277 3397 1344 3457 tra·

164 3493 280 3575 ducto,
313 3493 413 3559 etiam
444 3494 632 3576 Pompeium
666 3495 747 3580 (vid.
772 3497 790 3579 ξ
814 3495 870 3582 45)
894 3487 1109 3578 sub'accnsat3
1142 3498 1343 3580 hasenaro,

164 3617 295 3680 quoquo
333 3601 404 3667 loco
440 3601 481 3666 de
515 3600 611 3667 exilio
643 3601 800 3686 loquitur,
834 3601 925 3670 facit.
979 3603 1201 3686 Sequentibus
1232 3604 1344 3672 verbis

163 3706 356 3788 Pompeium
373 3707 529 3774 laudibus
553 3707 657 3792 eiiert,
683 3709 801 3774 deinde
825 3712 994 3777 contendit
1010 3711 1160 3780 Clodium
1185 3730 1234 3798 ea,
1260 3731 1345 3795 quae

164 3813 208 3878 de
230 3811 287 3878 ΙΠ
309 3813 401 3894 uiris,
425 3815 583 3898 imprimis
614 3817 653 3882 de
684 3815 826 3884 Caesare
854 3816 994 3898 dixerat,
1032 3819 1226 3887 ementitum
1260 3837 1342 3888 esse.

165 3919 276 4002 Ipsum
306 3918 397 3986 illum
434 3921 531 3988 etiem
557 3921 760 4005 principibus
785 3926 913 3990 hostem
937 3925 1065 3994 iactum
1089 3933 1157 3992 tam
1182 3926 1345 3997 vivaciter

166 4025 328 4111 depingit,
352 4035 390 4094 ut
405 4025 516 4094 iacere
539 4047 603 4094 non
619 4031 750 4112 possim,
776 4028 854 4114 quin
871 4036 940 4098 toto
957 4031 1056 4099 huius
1072 4032 1230 4101 orationis
1247 4053 1345 4104 cursu

166 4150 264 4214 quam
287 4134 428 4202 maxime
454 4154 565 4203 veram
590 4153 682 4204 suam
708 4138 907 4204 sententiam
930 4140 1117 4206 occultasse
1140 4159 1180 4206 ac
1208 4160 1242 4207 se
1266 4161 1344 4224 quo-

162 4241 338 4307 dammodo
379 4242 588 4309 defensorem
618 4244 671 4310 111
709 4246 857 4311 virorum
898 4246 1010 4328 putari
1049 4247 1192 4314 voluisse
1226 4248 1343 4316 dicam

164 4348 218 4413 Ab
238 4347 346 4414 altera
370 4359 481 4418 autem
505 4358 603 4432 parte
627 4351 726 4434 longe
759 4355 800 4419 ab
832 4351 880 4420 eis
903 4354 1126 4442 optimatibus,
1151 4355 1207 4437 qui
1230 4364 1346 4424 contra

164 4455 355 4537 Pompeium
384 4456 560 4542 iaciebant,
592 4459 770 4526 recessisse
801 4479 837 4527 se
864 4459 934 4544 ipse
967 4463 1133 4545 expressis
1158 4463 1269 4532 verbis
1291 4485 1345 4532 ex·
