3230 5254
763 431 976 532 ji„-

283 630 368 698 anim
400 631 501 696 habet
530 629 664 698 Cassius
694 629 757 696 Dio
789 629 880 716 (XL,
909 629 1023 718 48‚2.):
1059 638 1075 700 1
1110 643 1182 724 γοῦν
1213 636 1316 700 Μίλων
1342 675 1377 684 ··
1408 637 1464 698 τὸν

283 744 425 808 Κλώδιον
456 743 487 806 ἐν
514 750 554 833 τῇ
576 740 687 830 Ἀππίας
717 743 779 829 ὁδῷ
808 745 993 832 συντυχόντα
1015 745 1043 809 oi
1065 746 1102 808 τὸ
1127 746 1180 831 μὲν
1207 751 1323 830 πρῶτον
1354 743 1464 818 ἁπλῶς

283 873 349 927 πως
364 848 502 938 ἔτρωσεν,
518 848 621 914 ἔπειτα
636 852 673 914 δὲ
689 850 836 939 φοβηθεὶς
851 853 892 938 μὴ
909 851 1059 942 ἐπεξέλθῃ
1075 860 1123 944 τῷΙ
1134 851 1282 937 γεγονότι,
1304 853 1464 938 κατέσφα-

283 958 341 1034 ξεν.
362 951 456 1018 Haec
480 971 551 1018 oum
576 951 748 1035 Scipionis,
773 971 837 1018 non
854 953 1027 1021 Bobiensis
1050 952 1240 1020 narratione
1263 959 1463 1034 congruunt.

284 1060 401 1140 ltaque
425 1061 466 1124 ab
490 1059 554 1125 alio
579 1060 662 1124 haec
686 1059 903 1141 desumpsisse
928 1060 1123 1127 Bobiensem
1148 1060 1317 1124 contendo.

374 1193 464 1260 Finis
488 1197 675 1276 argumenti
698 1193 897 1260 scholiastae
920 1195 961 1260 ab
981 1193 1166 1260 Ascouiano
1190 1185 1288 1274 plane
1313 1190 1465 1258 diversus

285 1318 344 1367 est.
372 1301 541 1367 Permulta
566 1303 608 1366 ab
632 1301 693 1366 hoc
709 1301 834 1368 tradita
848 1300 977 1384 omittit,
1002 1300 1097 1368 addit
1118 1308 1227 1367 actum
1244 1318 1316 1366 esse
1341 1299 1382 1366 de
1404 1317 1464 1364 reo

283 1408 317 1474 in
351 1410 435 1474 aede
466 1408 609 1492 Saturni,
646 1409 739 1474 addit
780 1407 878 1475 etiam
916 1409 1085 1476 decretum
1120 1409 1160 1473 de
1198 1408 1299 1473 caede
1336 1405 1371 1472 in
1408 1406 1465 1474 via

283 1514 392 1598 Appia
416 1513 515 1584 iacta.

375 1648 442 1716 Sed
465 1667 642 1730 pergamus
666 1645 730 1713 iam
755 1648 798 1713 ad
822 1647 953 1730 singula
976 1647 1110 1715 scholia.

372 1783 528 1866 Explicat
566 1790 704 1863 uterque
744 1782 923 1849 scholiasta
960 1785 1094 1850 verbum
1132 1784 1304 1849 ambustus.
1352 1786 1464 1864 Atque

284 1891 494 1974 schillingius
533 1889 577 1976 (p.
604 1890 669 1976 12.)
708 1890 770 1955 hoc
807 1892 877 1955 loeo
916 1907 975 1954 sua
1013 1908 1053 1956 ex
1099 1890 1240 1956 Asconio
1287 1889 1465 1971 sumpsisse

283 1999 494 2066 scholiastam
528 1997 722 2064 Bobiensem
763 1993 914 2066 affirmat.
969 1997 1030 2062 llle
1069 2006 1178 2062 autem
1216 1997 1299 2062 liaeo
1338 1997 1466 2078 profert

284 2108 329 2192 (p.
355 2104 487 2192 280‚5‚):
532 2106 630 2170 Huuc
664 2126 734 2170 uero
767 2105 945 2170 ambustum
975 2105 1139 2170 tribunum
1162 2106 1267 2187 plebis
1298 2113 1467 2190 eapropter

285 2215 371 2292 dicit,
397 2215 479 2295 quod
502 2219 561 2277 aut
581 2212 683 2277 rideri
705 2213 763 2276 liae
778 2213 852 2276 aelii
867 2214 936 2295 ipso
952 2215 1128 2294 instipunte
1143 2214 1309 2277 iucensam
1325 2216 1462 2292 auriam,

283 2328 339 2387 aut
364 2321 496 2386 cundem
519 2320 663 2384 ardentis
686 2322 794 2385 auriae
816 2311 961 2385 lucendio
986 2340 1052 2384 essa
1075 2321 1269 2400 deterritum,
1295 2323 1466 2401 quominus

284 2431 341 2496 diu
378 2431 623 2494 contionaretur.
686 2426 778 2492 Duas
821 2427 923 2510 igitur
976 2425 1105 2508 profert
1157 2425 1463 2510 interpretationes

284 2555 421 2618 quarum
452 2553 534 2614 quae
559 2539 652 2600 recta
676 2533 720 2599 sit
742 2534 890 2616 dubitat3
934 2543 1051 2599 contra
1086 2551 1184 2599 unam
1208 2550 1347 2613 eamque
1372 2534 1464 2600 unice

286 2651 412 2712 rectam
435 2641 598 2710 Ascanius
623 2641 665 2724 (p.
690 2638 806 2727 37‚12,):
844 2640 1028 2707 Continenti
1050 2647 1126 2706 sunt
1148 2643 1218 2721 ipso
1242 2646 1382 2722 tempore
1399 2643 1462 2722 ple-

283 2755 411 2833 bemque
448 2753 485 2816 iu
514 2751 669 2815 Milonem
703 2750 927 2827 accenderunt,
964 2768 1023 2830 quo
1052 2754 1186 2831 propter
1222 2747 1317 2814 Clodi
1351 2770 1464 2832 eorpus

284 2860 376 2924 curia
413 2860 543 2922 incensa
575 2862 638 2938 est3
676 2878 732 2920 nea
760 2859 857 2939 prius
886 2857 1081 2934 destiterunt,
1116 2873 1211 2938 quam
1240 2857 1377 2937 (lamma
1399 2858 1464 2921 cius

283 2966 427 3030 incendii
466 2965 575 3046 supati
613 2968 689 3028 suut
729 2985 744 3026 e
782 2965 935 3027 contione.
997 2964 1094 3028 Hauc
1140 2957 1398 3044 explicationem
1438 2963 1464 3027 si

283 3071 413 3138 omniuo
452 3077 564 3136 nosset
604 3069 795 3152 BobieusiS,
842 3088 938 3152 suas,
986 3088 1123 3149 quarum
1161 3069 1268 3135 altera
1304 3088 1462 3152 perversa

284 3189 345 3263 est,
381 3180 487 3245 altera
522 3197 628 3258 neque
657 3188 816 3243 accurata
856 3195 962 3258 neque
997 3177 1045 3241 ita
1079 3182 1115 3242 ut
1149 3174 1257 3242 omnia
1294 3176 1462 3243 Ciceronis

283 3289 386 3354 verba
418 3287 559 3370 explicet
589 3303 755 3368 expressa,
788 3305 852 3351 non
884 3284 1059 3367 posuisset.

331 3419 332 3422 ’
373 3404 530 3470 Venimus
554 3402 619 3468 iam
643 3404 686 3468 ad
710 3405 813 3469 verba
830 3400 998 3467 Ciceronis
1022 3402 1063 3466 de
1087 3401 1143 3482 eis,
1169 3407 1369 3482 quaegesta
1388 3408 1462 3468 sunt

283 3512 317 3578 in
341 3517 457 3577 senatu
474 3510 556 3593 prid.
574 3511 648 3576 Kal.
665 3510 763 3576 Mart.
800 3509 907 3575 111111
925 3509 1120 3575 enarrandis
1139 3509 1302 3575 Asconius
1328 3509 1462 3592 exponit

284 3620 321 3683 T.
333 3617 518 3684 Munatium
531 3618 688 3683 Plancum
700 3616 919 3698 impedivisse,
937 3615 1106 3697 quominus
1116 3614 1286 3683 Hortensii
1295 3615 1460 3682 sententia

284 3744 304 3789 a
351 3733 468 3807 senatu
514 3725 793 3805 comprobaretur.
855 3723 949 3789 illum
990 3732 1100 3788 autem
1145 3721 1281 3787 iussisse
1329 3728 1461 3788 senatus

284 3832 469 3896 consultum
492 3828 580 3910 fieri:
610 3831 650 3894 P.
671 3829 777 3895 Clodii
792 3831 917 3895 eaedem
933 3836 963 3894 et
977 3829 1161 3894 incendium
1177 3831 1285 3894 curiae
1300 3836 1330 3895 ct
1346 3851 1460 3914 oppup-

283 3941 444 4004 nationem
474 3937 603 4000 aedium
639 3937 687 4001 M.
712 3936 830 4017 Lepidi
860 3942 971 4002 contra
1000 3936 1228 4016 rempublicam
1254 3937 1379 4018 factam
1402 3957 1462 4002 esse

284 4051 312 4112 ct
339 4050 375 4110 ut
404 4044 441 4109 de
474 4064 513 4108 ca
542 4065 576 4106 re
604 4047 694 4108 antra
723 4043 865 4108 ordinem
901 4048 1102 4124 quaereretur
1132 4043 1221 4122 apud
1244 4046 1460 4124 quaesitorem.

283 4154 335 4218 Ex
365 4151 412 4218 eis
441 4170 523 4232 quae
553 4158 732 4231 sequuntur
768 4158 863 4231 patet
885 4150 1078 4215 Mommseni
1113 4149 1166 4234 (cf.
1202 4148 1329 4230 epham.
1361 4149 1460 4214 litter.

283 4259 354 4326 Ien.
392 4257 480 4325 1844
515 4279 544 4340 p.
580 4256 658 4342 258)
693 4257 877 4340 opinionem
913 4266 1037 4323 rectam
1074 4274 1155 4340 esse,
1196 4256 1250 4342 qui
1289 4260 1462 4322 censuerat

284 4366 470 4433 Munatium
505 4364 763 4445 Sallustiumque
805 4363 836 4429 ei
876 4363 966 4448 parti
1007 4363 1188 4446 rogationis
1221 4361 1461 4429 Hortensianae

282 4473 520 4546 intercessisse,
553 4491 638 4552 quae
662 4474 749 4555 apud
771 4472 876 4554 ipsum
902 4471 1090 4538 Ciceronem
1115 4470 1226 4538 verbis
1249 4476 1284 4536 ut
1306 4471 1461 4535 artemius
