3230 5254
740 425 869 494 ,58

350 625 477 705 Itaque,
503 643 574 689 cum
598 624 648 690 his
666 624 798 691 scholiis
821 623 1019 707 comparatis
1036 624 1221 705 negandum
1239 621 1282 686 sit
1302 621 1438 686 Asconii

261 730 495 804 commentario
520 751 592 798 eum
624 751 716 797 usum
747 751 830 814 esse,
861 734 902 797 ab
927 732 1034 797 altera
1065 737 1160 811 parte
1192 730 1433 796 eoncedendum

262 851 313 904 est
348 837 537 903 Asconiana
577 839 684 904 inesse
735 837 867 905 scholiis
909 837 1138 904 Bobiensibus.
1206 837 1311 901 Recte
1348 835 1434 902 enim

261 944 468 1012 Geumitzius
491 945 579 1010 inter
602 965 637 1015 se
663 947 809 1012 confert:

304 1073 383 1138 Asc:
425 1069 514 1151 oum,
570 1072 670 1153 Lepas
705 1072 819 1136 Liuias
917 1067 1433 1152 001101,282,32,...011011010111010

261 1200 340 1262 quas
361 1179 429 1243 iltis
453 1177 509 1262 (sc.
533 1178 572 1243 L.
598 1177 727 1243 Marcio
745 1177 816 1244 Ser.
874 1177 994 1256 Druso,
1035 1181 1090 1258 qut
1128 1177 1312 1244 cousultbus
1340 1175 1433 1240 Scato

262 1285 360 1370 Iulio)
400 1286 580 1349 consulibus
619 1285 668 1350 M.
705 1285 819 1350 Liuius
875 1284 1011 1350 Caesare
1023 1291 1053 1349 et
1071 1286 1223 1366 Pbtb'ppo
1240 1305 1311 1348 curu
1323 1289 1433 1363 partes

217 1459 219 1462 .
259 1392 392 1458 Drusus
414 1392 562 1457 tribunus
579 1393 682 1471 plebis
705 1393 819 1457 tuterit.
875 1399 1004 1458 seuatus
1017 1395 1054 1457 tu
1069 1393 1236 1457 tribunatu
1251 1411 1308 1454 suo
1324 1397 1433 1455 contra

262 1500 324 1580 Qui
340 1505 552 1564 curuseuatus
563 1498 820 1578 partestueudus
868 1501 990 1579 plebem
1012 1503 1197 1580 suscepisset
1223 1551 1229 1562 .
1262 1550 1267 1561 .
1291 1549 1298 1562 .

257 1608 536 1690 suscepisset...
563 1656 568 1666 .

347 1711 462 1792 Neque
498 1718 608 1776 tamen
643 1712 715 1778 viro
753 1713 848 1778 docto
888 1715 1061 1790 assentior,
1098 1719 1155 1777 eut
1191 1711 1431 1777 enarrationem

261 1819 476 1886 Cornelianae
504 1820 546 1887 ab
575 1819 716 1884 Asconio
749 1819 961 1901 compositam
993 1819 1112 1902 legisse
1149 1820 1346 1884 Bobiensem
1377 1831 1436 1882 aut

259 1945 300 1991 ex
313 1926 434 1992 eisdem
447 1926 541 1991 libris
553 1935 723 2007 utramque
732 1927 981 1992 adnotationem
989 1926 1140 2005 fluxisse3
1153 1927 1231 2006 quid
1240 1943 1365 1992 rectum
1378 1925 1430 2006 sit,

259 2035 504 2098 demonstratur
527 2033 772 2098 narrationibus
794 2035 834 2098 de
851 2033 944 2099 Fufio
962 2033 1082 2099 Caleno
1108 2033 1278 2100 dividente
1302 2043 1431 2098 senten-

257 2140 338 2205 tiam
373 2139 637 2205 Hortensianam.
690 2139 851 2206 Asconius
887 2141 972 2207 enim
1007 2149 1123 2206 narrat
1157 2143 1200 2236 ip.
1237 2140 1430 2224 38,21)eum

259 2248 450 2314 divisionem
465 2247 647 2314 sententiae
661 2249 857 2330 postulasse,
871 2247 1049 2314 scholiasta
1062 2255 1170 2314 autern
1187 2248 1229 2328 (p,
1242 2244 1346 2334 281el
1358 2251 1430 2327 siaa

257 2354 374 2436 inquit,
386 2354 516 2437 Fusium
526 2353 680 2421 Cateuuu
693 2356 752 2439 (so.
763 2363 879 2420 contra
893 2354 1070 2439 extitisse),
1083 2357 1147 2421 siue
1159 2356 1244 2420 altus
1255 2356 1310 2420 uu
1321 2357 1429 2436 tuest,

257 2463 439 2528 uidebimus.
474 2462 624 2544 Apparet
640 2462 816 2528 Asconium
833 2462 917 2528 haec
933 2481 975 2528 ex
990 2463 1074 2527 actis
1089 2462 1169 2546 ipsis
1185 2461 1316 2542 eruisse,
1342 2464 1429 2526 seho-

260 2570 392 2635 liastam
429 2567 463 2633 in
488 2569 719 2635 commentario
755 2571 941 2636 sententiae
976 2570 1015 2634 de
1039 2568 1133 2634 Fufio
1169 2570 1268 2634 aliam
1301 2567 1430 2634 aliunde

260 2675 398 2759 petitam
438 2678 620 2759 oppositam
659 2673 878 2762 invenissem)
935 2677 1052 2756 ltaque
1095 2678 1352 2741 demonstratum
1383 2686 1431 2741 est

261 2781 397 2848 Asconii
426 2782 528 2865 ipsius
558 2783 790 2849 enarrationes
821 2785 950 2848 omnino
985 2802 1049 2850 uon
1081 2783 1203 2864 legisse
1228 2783 1430 2863 Bobiensem,

260 2891 395 2973 saepius
418 2897 528 2955 autern
559 2891 592 2955 in
621 2891 865 2956 commentariis
896 2890 954 2972 eis,
987 2892 1104 2970 quibus
1128 2885 1206 2955 usus
1239 2897 1299 2971 cst,
1331 2889 1431 2955 inter·

259 2996 463 3080 pretationes
479 2997 567 3073 illius
584 3001 769 3082 repperisse
787 3007 886 3078 atque
902 2999 935 3063 in
957 3016 1016 3064 sua
1032 2999 1155 3064 scholia
1170 2995 1430 3080 transtulissem).

330 3174 364 3242 ¹²)
383 3175 477 3243 Itaque
496 3173 539 3227 hic
557 3155 738 3228 defendendus
758 3177 798 3227 est
816 3175 956 3228 Bobiensis
975 3179 1066 3228 eontra
1084 3174 1276 3242 Schillingiurn.
1313 3175 1342 3227 Is
1361 3175 1429 3228 einim

256 3270 332 3332 putat
355 3266 462 3316 auctore
485 3279 536 3331 quo
564 3279 613 3315 sua
639 3263 751 3316 debebat
780 3267 828 3333 (sc.
848 3264 974 3333 Asconio)
1003 3281 1056 3318 non
1083 3263 1213 3332 appellato
1242 3279 1292 3316 sua
1319 3263 1431 3316 scientia

257 3351 361 3421 gloriari
390 3370 459 3420 emir,
483 3352 640 3422 praesertim
669 3369 729 3406 cum
754 3353 786 3405 de
817 3354 859 3405 his
887 3357 979 3421 postea
997 3353 1063 3406 nihil
1082 3354 1168 3406 addat.
1206 3355 1243 3405 nt
1265 3351 1325 3420 plus
1352 3369 1430 3420 quam

256 3441 341 3495 XXX
359 3443 469 3510 paginae
488 3442 670 3496 commentarii
689 3443 801 3496 amissae
820 3451 883 3494 sunt
898 3445 925 3495 et
937 3443 1051 3496 Asconio
1069 3458 1134 3494 usus
1152 3459 1206 3494 non
1222 3443 1269 3497 est.

329 3531 363 3600 1³)
384 3531 470 3596 Quare
499 3532 578 3584 etiam
602 3548 669 3599 quae
696 3532 837 3584 intercedit
870 3533 941 3585 luter
963 3531 1035 3601 ⁶281,
1061 3535 1088 3585 et
1106 3536 1167 3584 Asc.
1190 3533 1255 3601 37,125
1288 3531 1430 3584 similitudo

257 3622 369 3674 tortasse
387 3621 437 3674 hoo
455 3622 532 3674 modo
553 3621 711 3690 explicanda
736 3624 790 3689 est,
819 3637 980 3690 quamquam
1008 3621 1044 3674 ibi
1062 3621 1201 3676 Bobiensis
1229 3620 1313 3673 multo
1343 3622 1429 3673 minus

256 3713 377 3763 accurate
396 3726 439 3763 ras
460 3713 548 3778 gestus
566 3715 664 3775 narrat,
684 3727 763 3778 quam
783 3713 926 3776 Asconius;
955 3710 1053 3764 certius
1072 3710 1179 3763 videtur
1202 3710 1240 3762 ita
1267 3709 1381 3766 iudiouri
1399 3711 1429 3762 de

257 3797 328 3868 330„
350 3803 377 3851 et
395 3802 456 3854 mse.
474 3801 549 3870 65„,.
570 3831 602 3838 -
622 3803 693 3870 321„
715 3801 862 3868 auten1(ol.
883 3801 1007 3871 memte
1027 3800 1171 3853 Planciana
1183 3799 1289 3852 ridetur
1307 3800 1429 3867 desump·

257 3891 323 3940 tum.
360 3888 411 3941 Sed
432 3889 501 3957 quod
520 3893 611 3956 postea
623 3888 793 3957 Sohillingius
806 3889 967 3943 Bobiensem
983 3890 1051 3942 seire
1064 3890 1175 3942 miratur
1194 3889 1330 3942 Vatinium
1350 3888 1429 3943 filiam

256 3976 291 4029 M.
305 3977 414 4032 Antonii
432 3978 460 4030 in
479 3978 645 4030 matrimonio
663 3978 796 4046 habuisse,
816 3979 882 4050 baec
901 3996 936 4032 ex
951 3979 1004 4031 fine
1019 3979 1111 4046 capitis
1125 3983 1198 4032 reete
1213 3977 1344 4046 explicata
1359 3995 1428 4032 com-

256 4067 352 4133 peruit.
371 4098 403 4106 -
423 4067 526 4120 Deinde
547 4069 630 4138 244„,
648 4067 718 4120 idem
732 4071 812 4136 putat
833 4067 992 4121 Bobiensem
1011 4084 1045 4120 ex
1064 4068 1153 4121 verbis
1176 4067 1282 4120 Asconii
1301 4068 1371 4121 malo
1390 4070 1432 4119 in·.

256 4155 369 4209 telleetis
376 4159 527 4210 mutuatum
547 4173 618 4224 esse,
638 4173 725 4226 neque
739 4168 831 4214 tamon
850 4159 928 4210 eredo
943 4173 1061 4210 errorem
1080 4157 1236 4210 scholiastae
1251 4157 1296 4209 hio
1311 4157 1427 4210 subesse.

256 4245 361 4298 Etenim
380 4247 467 4314 agitur
485 4247 517 4299 da
536 4246 609 4299 bonis
624 4246 747 4300 Valeriae
765 4247 889 4300 intestato
911 4250 1042 4314 mortuae,
1065 4263 1132 4314 quae
1147 4246 1266 4298 Androni
1278 4245 1389 4300 Sextilio
1401 4246 1427 4297 in

255 4351 364 4388 manum
386 4339 553 4389 convenerat.
591 4341 663 4401 „Hoc
681 4348 763 4388 autem
780 4341 854 4407 iures,
873 4337 966 4405 inquit,
990 4341 1173 4404 observabatur,
1196 4345 1227 4386 ut
1245 4337 1293 4386 loca
1311 4339 1433 4402 filiarum·

255 4428 413 4492 haberentur,
433 4431 532 4492 quaein
547 4445 649 4476 cecanum
667 4431 732 4476 viris
749 4431 923 4479 convertissent.
962 4425 1027 4477 Vult
1042 4441 1103 4493 ergo
1125 4426 1153 4477 ni
1166 4425 1249 4495 fallor,
1271 4426 1427 4478 nosd00e1·e

255 4513 1097 4583 nnllampropriamremfamiliaremhaberopotuisseValerium.
1112 4513 1316 4582 Atqueideiiant
1325 4503 1426 4566 adillud
