3230 5254
710 417 753 486 25

135 614 243 699 igitur
268 613 410 697 Quintus
434 625 756 685 commemoraverat.
802 618 912 698 Atque
934 615 1069 682 interim
1104 635 1145 682 ex
1177 614 1251 682 aliis
1279 617 1319 684 de

135 723 278 804 Pompei
291 720 508 802 Caesarisque
522 721 732 803 querimoniis
749 721 899 790 audierat
912 724 1028 805 etipse
1042 740 1100 806 per
1108 722 1287 790 Vibullium
1299 743 1319 790 a

134 828 300 911 Pompeio
337 828 462 896 vetitus
486 835 560 894 erat
592 847 722 897 causam
749 831 949 913 Campanam
978 833 1152 914 attingere.
1199 831 1318 913 Itaque

133 935 267 1003 afuisse
292 936 428 1006 videtur
450 935 563 1003 Idibus
585 935 683 1003 Maiis
714 955 777 1003 non
811 939 912 1004 solum
948 945 1066 1004 senatu
1101 938 1160 1004 sed
1187 938 1318 1005 omnino

134 1045 248 1111 Roma
280 1045 334 1126 (de
365 1043 428 1108 hac
458 1063 494 1110 re
525 1044 592 1111 rid.
621 1061 696 1128 pag.
721 1042 788 1132 28).
835 1047 1000 1113 Reversus
1032 1044 1150 1111 deinde
1182 1051 1319 1113 exeunte

134 1150 274 1237 Maio¹⁴l
305 1149 488 1220 orationem
523 1149 621 1220 illam.
650 1153 690 1218 de
725 1150 902 1235 provinciis
934 1152 1159 1219 consularibus
1193 1151 1317 1237 habuit,

140 1277 209 1340 qua
230 1265 333 1326 totum
358 1277 392 1324 se
416 1277 487 1324 cum
511 1259 653 1327 caesare
676 1259 710 1326 in
734 1259 875 1342 gratiam
899 1260 1026 1326 redisse
1048 1259 1221 1341 significat.

237 1367 355 1446 Atque,
369 1383 441 1432 cum
458 1365 624 1444 haecfere
636 1364 724 1432 inter
741 1383 850 1432 omues
864 1372 1026 1438 constent,
1038 1365 1185 1448 plerique
1201 1373 1320 1450 putant

147 1471 337 1548 orationem,
361 1491 446 1554 quae
470 1471 504 1537 in
527 1472 678 1540 Parisino
690 1473 784 1538 VIII·
798 1473 869 1539 loco
893 1473 1000 1556 posita
1024 1479 1084 1555 est,
1110 1474 1150 1540 de
1170 1473 1318 1558 haruspi-

148 1599 221 1646 cum
234 1579 405 1662 responsis,
423 1579 556 1645 ineunte
564 1579 651 1645 Maio
667 1579 820 1646 habuisse
837 1580 1026 1648 Ciceronem
1040 1580 1182 1650 nescium
1196 1601 1317 1662 eorum,

147 1707 231 1769 quae
254 1687 364 1754 Lucae
389 1685 475 1752 inter
499 1686 552 1756 ΙΙΙ
576 1687 666 1754 viros
689 1694 768 1752 acta
797 1697 900 1754 erant.
938 1686 992 1754 Ad
1007 1689 1092 1752 hanc
1119 1689 1317 1754 sententiam

146 1793 352 1861 refutandam
378 1812 448 1860 cum
472 1793 608 1860 intersit
632 1795 808 1878 explicare,
838 1793 915 1874 quid
939 1795 995 1861 illo
1032 1809 1180 1876 tempore
1204 1793 1318 1861 Cicero

144 1904 184 1968 de
208 1900 379 1983 republica
402 1900 556 1984 senserit,
580 1905 759 1968 tractanda
783 1901 917 1968 videtur
941 1899 1081 1984 epistula
1105 1901 1148 1967 ad
1172 1900 1317 1968 Atticum

140 2010 244 2076 missa
267 2005 328 2090 1V,
353 2009 383 2074 5.
428 2012 597 2094 Attamen,
622 2027 692 2074 cnm
715 2008 805 2076 illam
829 2009 959 2075 minime
983 2017 1127 2076 exeunte
1143 2009 1250 2092 Aprili
1265 2009 1319 2076 vel

139 2118 281 2183 ineunte
296 2115 383 2182 Maio
399 2115 459 2198 vir,
485 2115 539 2196 qui
561 2117 745 2184 litterarum
768 2117 864 2196 huius
888 2115 966 2183 anni
989 2116 1163 2183 maximam
1187 2135 1319 2199 operam

141 2223 236 2290 dedit
259 2224 399 2305 tempori
434 2223 627 2302 definiendo,
657 2223 870 2291 Rauschenus
901 2223 933 2308 (l.
969 2224 990 2290 l.
1016 2226 1093 2291 adn.
1118 2223 1161 2290 54
1193 2245 1223 2306 p.
1249 2223 1318 2304 43.)

144 2332 269 2413 credat,
312 2332 371 2396 sed
393 2349 507 2396 nrense
531 2331 659 2397 demum
684 2332 777 2397 lunio
802 2331 967 2413 scriptam,
1004 2332 1188 2414 opinionem
1224 2350 1318 2412 quam

147 2438 283 2520 protulit
306 2438 494 2503 accuratius
519 2439 746 2521 explicandam
777 2450 865 2520 puto.
923 2443 1032 2518 Atque
1068 2456 1140 2503 curn
1175 2439 1317 2520 epistula

147 2545 208 2624 IV,
234 2545 439 2612 sanissime
465 2545 642 2611 cohaereat
667 2565 739 2612 eum
763 2546 822 2625 IV,
848 2546 907 2628 4b,
933 2544 963 2628 6,
998 2543 1056 2628 ila,
1091 2545 1318 2626 paulominus

147 2660 225 2718 arta
238 2653 480 2720 necessitudine
494 2655 670 2720 coniuncta
682 2653 726 2718 sit
750 2652 865 2734 euml,
890 2652 1036 2722 ultimam
1050 2652 1136 2718 hanc
1160 2651 1318 2735 scriptam

143 2777 218 2826 esse
242 2759 410 2826 existimat
433 2759 485 2828 vir
508 2762 624 2826 doctus
638 2779 678 2825 ex
695 2759 850 2841 Arpinati
864 2778 975 2825 mense
990 2759 1099 2842 Aprili
1114 2759 1184 2826 fere
1200 2759 1317 2842 medio,

143 2867 288 2948 5paulo
312 2876 386 2949 post
416 2867 598 2934 orationem
634 2870 674 2935 de
697 2867 875 2950 provinciis
911 2867 1134 2934 consularibus
1170 2869 1316 2935 habitam

144 2991 270 3045 mense¹
286 2973 394 3057 Innio;
431 2974 533 3050 Antio
570 2977 681 3042 datam
714 2974 832 3042 deinde
857 2975 1028 3058 epistulam
1064 2975 1122 3056 IV,
1156 2976 1176 3040 6
1213 2982 1246 3041 et
1270 2976 1318 3041 8a

147 3082 260 3146 eodem
296 3100 413 3149 mense.
460 3083 552 3148 Inter
587 3101 703 3148 causas
738 3089 845 3148 antem
884 3100 965 3162 quas
996 3083 1122 3165 profert
1157 3085 1200 3148 ad
1235 3084 1319 3149 liano

146 3188 331 3270 opinionem
355 3190 557 3272 probandam
582 3188 780 3271 gravissima
808 3196 867 3271 est,
894 3192 978 3270 quod
1002 3188 1195 3256 Mommseni
1217 3188 1318 3255 iuter-

142 3295 364 3378 pretationem
388 3295 606 3382 ve1·borum§
632 3295 649 3362 1
675 3295 769 3379 epist.
795 3296 1023 3378 Vadoptavit.
1048 3300 1141 3377 Nam,
1167 3315 1239 3361 cum
1262 3295 1318 3360 ille

142 3410 328 3494 παλινῳδίαν
351 3426 449 3488 quam
473 3407 588 3474 cicero
612 3408 658 3474 ibi
693 3418 931 3492 commemorat,
968 3409 1150 3473 orationem
1175 3407 1214 3472 de
1244 3426 1317 3488 pro·

142 3512 261 3580 vinciis
286 3516 511 3581 consularibus
544 3534 616 3581 esse
646 3515 858 3584 adnotaverit
888 3514 974 3601 (hist.
998 3515 1114 3580 Rom.l
1147 3515 1215 3592 ΙΙΙ,
1253 3511 1317 3580 323

141 3621 245 3708 adn),
270 3623 487 3689 Rauschenus
512 3641 549 3688 eo
573 3621 678 3705 magis
702 3622 916 3689 verisimilem
943 3622 1008 3690 viri
1032 3621 1159 3704 egregii
1194 3621 1318 3689 coniec·

142 3739 252 3824 turam
270 3740 373 3814 putat,
400 3733 475 3815 qnia
491 3737 673 3822 παλινῳδίαν
690 3737 848 3816 scriptam
865 3753 936 3799 esse
954 3739 1077 3816 censet,
1102 3741 1319 3814 postquam

146 3837 182 3920 Q.
215 3839 359 3906 Cicero
394 3859 438 3905 ex
468 3841 656 3908 Sardinia
683 3841 843 3907 Romarm
875 3840 1006 3907 rediit
1041 3847 1126 3907 teste
1160 3841 1202 3907 ad
1239 3841 1316 3909 iam.

145 3946 179 4028 Ι,
211 3947 285 4025 9,1o:
318 3946 378 4029 id,
412 3950 517 4028 quod
547 3947 707 4014 factum
740 3960 808 4014 est
831 3947 1057 4030 aliquanto
1089 3953 1186 4030 post
1215 3948 1318 4015 Idus

143 4051 299 4133 Maies;
335 4060 463 4134 atque
498 4057 574 4121 hoc
610 4057 757 4122 eodem
791 4064 981 4139 tempore
1013 4057 1139 4121 etiam
1176 4055 1316 4121 oratio
1398 4125 1401 4130 ,

144 4160 195 4224 de
226 4161 469 4242 provinciis
500 4163 810 4230 consularibus
840 4161 990 4228 habita
1022 4171 1095 4228 est.

142 4275 358 4288 ——A—--

218 4321 252 4389 ²⁴)
271 4323 340 4391 quod
359 4321 476 4394 Longius
495 4321 643 4391 (Romule.
663 4323 712 4392 III,
732 4322 808 4392 331²)
827 4321 1054 4391 Rauschenusque
1074 4321 1113 4390 (iu
1125 4321 1317 4388 dissertatione,

143 4410 368 4479 quam'inscripsit
382 4412 582 4480 „ephemerides
593 4411 744 4466 Tullianaa“
757 4413 842 4466 Bonn.
857 4411 926 4466 1886
946 4428 970 4480 p.
986 4413 1034 4480 42)
1053 4427 1144 4464 mense
1163 4411 1239 4464 Iunio
1259 4427 1317 4464 eam

143 4502 252 4568 propter
269 4502 284 4568 ξ
303 4499 336 4556 21
356 4501 472 4555 habitam
492 4506 610 4570 censent,
630 4502 752 4572 equidem
771 4501 836 4554 nihil
849 4501 892 4556 illa
910 4500 1012 4569 probari
1031 4500 1116 4555 rideo
