3230 5254
807 415 827 484 7

313 617 458 686 Diversa
483 624 533 682 est
551 617 590 683 de
606 623 741 682 auctore
758 614 954 682 scholiorum
971 613 1076 690 402ar
1098 651 1144 664 -
1166 613 1279 700 405‚so,
1305 634 1402 698 quem

225 723 541 805 denominabimus,
571 721 730 804 quaestio.
778 724 841 789 Hic
866 721 951 788 enim
975 728 1102 790 rectum
1119 722 1240 789 vidisse
1257 722 1401 807 Stangli·

226 849 281 898 um
310 831 376 896 iam
409 829 618 897 Gaumitzius
660 830 832 897 concessit.
879 831 987 911 Atque
1021 829 1155 897 adiutus
1193 829 1303 898 verbis
1340 832 1402 898 Bo·

223 938 348 1005 orensrs
372 959 403 1021 p.
428 937 534 1018 aequ
555 939 601 1020 ta,
626 923 709 1022 quoa
732 938 810 1004 aas
835 937 987 1020 proauos
1014 939 1050 1003 a
1080 937 1225 1004 Varrone·
1248 941 1401 1006 orauit

223 1046 467 1127 bosporanos
489 1046 687 1129 adpooscere,
712 1043 829 1125 quibus
860 1062 979 1114 revera
1009 1046 1094 1111 hunc
1117 1044 1277 1112 Verrinas
1299 1045 1402 1111 inter·

223 1158 391 1232 precatum
416 1170 488 1218 esse
511 1151 691 1238 elicitum),
717 1150 816 1218 etiam
840 1159 965 1218 rectum
988 1151 1129 1219 invenit:
1153 1162 1310 1236 excerpta
1326 1160 1403 1220 sunt

225 1277 252 1338 a,
271 1257 407 1325 librario
431 1279 449 1326 e
473 1258 692 1326 Bobiensibus
727 1260 810 1324 haec
837 1257 961 1325 scholia
995 1257 1052 1342 ita,
1082 1266 1118 1325 ut
1145 1278 1250 1341 paene
1281 1260 1400 1343 omnia,

227 1383 310 1446 quae
338 1367 380 1432 ad
412 1365 582 1433 historiam
614 1368 820 1449 spectabant,
852 1366 1092 1450 omitterentur,
1124 1366 1291 1433 rhetorica
1322 1385 1400 1434 vero

228 1480 262 1538 et
284 1471 499 1556 grammatica
523 1471 594 1539 fere
619 1472 753 1554 integra
776 1473 1055 1540 describerentur.
1103 1473 1200 1541 Hanc
1224 1491 1402 1557 excerpen-

226 1579 339 1645 dorum
368 1578 564 1647 scholiorum
598 1579 760 1646 rationem
794 1581 839 1646 ad
862 1578 1045 1661 posteriora
1076 1588 1225 1662 tempora
1249 1589 1402 1664 apactare

224 1685 480 1753 luculentissime
505 1686 786 1772 Pseudo-Asconii
802 1687 1034 1755 commentario
1052 1689 1306 1754 demonstratur.
1332 1688 1401 1754 Nec

225 1801 337 1859 tamen
361 1796 477 1859 eadem
495 1793 591 1861 huius
615 1795 762 1861 condicio
787 1804 841 1860 est
863 1801 897 1860 et
921 1793 971 1860 At
994 1794 1058 1860 Ille
1082 1797 1167 1861 enim
1192 1813 1233 1861 ex
1258 1794 1401 1876 complu·

222 1901 313 1966 ribus
348 1900 495 1982 antiquis
524 1901 767 1968 commentariis
802 1920 896 1968 suum
927 1900 1108 1985 composuit
1143 1900 1202 1983 ita,
1238 1911 1276 1968 ut
1298 1903 1404 1969 verba

223 2006 461 2089 enuntiataqne
501 2007 573 2074 iere
609 2007 729 2090 ubique
763 2008 896 2091 propria
935 2008 1158 2091 compilatoris
1193 2017 1320 2091 essent,
1361 2006 1403 2074 A*

222 2132 330 2195 pauca
355 2114 395 2180 de
419 2099 478 2182 suo
503 2115 635 2183 adiecit:
659 2116 829 2182 immutato
854 2118 1029 2184 verborum
1047 2117 1161 2182 ordine
1185 2135 1235 2200 ea,
1260 2133 1344 2198 quac
1368 2115 1402 2183 in

223 2239 287 2287 uno
313 2223 548 2290 commentario
573 2223 698 2306 scripta
723 2232 826 2301 erant,
851 2223 884 2288 in
909 2241 1002 2288 suum
1025 2215 1207 2291 transtulit.
1369 2307 1376 2323 υ

313 2327 375 2420 His
410 2330 598 2397 constitutis
631 2331 697 2397 iam
729 2331 948 2412 quaerendum
983 2335 1044 2413 est,
1084 2349 1128 2396 an
1162 2331 1229 2396 alia
1259 2329 1403 2412 vestigia

225 2435 427 2516 deprehendi
451 2438 578 2519 possint
601 2435 773 2505 Bobiensis
803 2436 1013 2504 scholiastae.
1063 2439 1172 2519 Atque
1204 2437 1290 2518 quod
1314 2437 1401 2504 Gau-

229 2538 359 2608 mitcius
390 2541 477 2628 (pag.
506 2542 546 2610 13
571 2551 605 2610 et
632 2543 687 2630 14)
719 2544 848 2627 putavit
874 2544 1017 2610 fortasse
1048 2545 1082 2611 in
1114 2544 1403 2610 Pseudo-Asconio

227 2646 382 2731 reliquias
417 2649 562 2718 eiusdem
596 2651 743 2736 latitare,
778 2652 813 2717 id
848 2670 889 2718 ex
920 2651 967 2718 eis
1002 2670 1083 2732 quos
1119 2650 1232 2718 attulit
1277 2653 1404 2718 duobus

226 2753 338 2840 locis⁹)
362 2755 472 2824 evinci
493 2777 590 2839 posse
621 2778 716 2826 nemo
740 2758 803 2825 sibi
826 2752 1077 2847 persuadebit.¹
1097 2757 1233 2826 Rectius
1260 2758 1303 2824 A’
1331 2778 1402 2826 cum

226 2857 514 2931 Pseudo-Asconio
548 2875 781 2949 comparasset.
829 2865 881 2932 lbi
917 2867 1002 2932 enim
1032 2885 1227 2948 quamquam
1263 2866 1403 2949 plurima

228 2968 325 3049 plane
349 2971 447 3038 aliter
463 2979 563 3054 atque
579 2973 612 3038 in
636 2973 698 3040 hoc
722 2979 879 3040 enarrata
895 2981 983 3050 sunt,
1007 2981 1119 3039 tamen
1137 2971 1300 3040 nonnullis
1323 2972 1405 3040 locis

229 3076 345 3141 eadem
373 3076 614 3161 interpretandi
646 3080 730 3148 ratio
759 3081 938 3148 invenitur.
986 3084 1032 3146 At
1060 3081 1150 3147 iutra
1185 3081 1270 3146 banc
1304 3080 1404 3146 etiam

231 3179 395 3267 differunt,
427 3205 499 3252 cum
524 3187 615 3266 404„
641 3206 709 3269 sqq.
733 3197 767 3255 et
793 3186 987 3271 172‚15sqq.
1012 3187 1142 3253 omnino
1171 3188 1245 3253 aliis
1277 3185 1402 3269 verbis,

228 3287 537 3360 Pseudo-Asconius
574 3295 675 3361 etiam
704 3294 853 3379 pluribus
883 3293 1100 3361 Ciceroniana
1130 3282 1402 3376 interpretentur,

230 3393 343 3482 rusa,
368 3399 396 3464 si
420 3399 617 3468 conferimus
641 3400 755 3487 404‚30,
802 3401 1110 3469 Pseudo-Asconius
1137 3401 1252 3467 melius
1282 3407 1404 3466 tracta-

229 3503 326 3572 verit.
375 3506 440 3575 Sed
464 3528 549 3590 quae
572 3510 879 3576 Pseudo-Asconius
905 3509 991 3588 175,1
1019 3507 1144 3591 scribit,
1173 3507 1253 3573 mire
1270 3526 1405 3574 consen-

228 3611 319 3679 tiunt
342 3634 414 3680 cum
443 3615 498 3696 eis,
532 3635 613 3697 quae
643 3603 860 3700 substricta
883 3615 1078 3701 invenimus,
1114 3625 1150 3682 ut
1173 3615 1410 3698 intellegamus

229 3737 301 3784 cum
325 3720 369 3786 Αρ
392 3725 629 3804 quodammodo
655 3724 708 3789 hic
741 3725 918 3790 cohaerere
945 3724 1035 3790 illum
1064 3723 1291 3804 interpretem.
1339 3721 1404 3786 Sed

231 3844 301 3892 cum
329 3829 544 3896 certissimum
581 3832 624 3897 sit
648 3832 749 3897 multo
784 3833 895 3912 plures
930 3829 1181 3896 commentarios
1217 3828 1402 3896 orationum

232 3932 455 4002 Tullianarum
483 3937 569 4005 inter
593 3958 628 4005 se
652 3937 832 4005 simillimos
857 3937 1006 4005 extitisse
1030 3956 1127 4019 quam
1159 3937 1252 4002 nobis
1276 3933 1403 4002 servati

302 4130 322 4201 ⁸)
342 4133 416 4199 Quod
429 4133 598 4203 Schillingius
615 4137 736 4200 notabile
750 4137 854 4187 tantum
872 4133 899 4186 id
911 4136 972 4185 fieri
989 4133 1053 4187 dicit
1071 4151 1096 4202 p.
1117 4131 1151 4186 ‘28
1171 4131 1231 4188 adn.
1252 4129 1404 4198 2equidem

229 4237 282 4275 non
301 4223 433 4292 intellego.

300 4313 321 4382 9)
342 4314 416 4386 resp
430 4319 456 4368 el
476 4314 574 4382 120‚1e:
594 4314 626 4366 de
640 4312 762 4366 columna
780 4312 886 4366 Maenia
899 4313 1031 4366 adnotatio
1051 4329 1065 4365 e
1092 4311 1148 4364 ioco
1162 4308 1256 4363 Lucilii
1275 4311 1337 4361 nata
1355 4308 1403 4360 est.

229 4403 261 4459 of.
281 4404 411 4474 Porphyr.
435 4406 476 4459 ad.
499 4405 565 4459 Hor.
591 4407 640 4459 sai.
664 4405 685 4472 I,
711 4403 772 4459 331.
810 4403 878 4456 Rem
903 4403 987 4471 ipsam
1017 4400 1151 4469 explicant
1173 4398 1275 4451 Plinius
1298 4398 1359 4464 34,5
1378 4397 1406 4449 et

229 4491 319 4550 Livius
338 4497 418 4564 39,44.
