3230 5254
889 393 932 462 32

390 591 514 656 'Haud
548 591 596 657 ita
630 593 733 659 multo
769 593 841 675 post
867 593 911 659 M.
937 592 1036 660 Tullii
1070 598 1206 659 mortem
1235 629 1281 640 -
1324 589 1512 658 fortassee

323 695 443 764 Tirone
481 737 527 746 -
564 697 667 764 editio
706 697 846 764 omnium
892 701 1074 766 orationum
1120 699 1310 766 secuudum
1353 695 1511 764 rationem

324 801 478 884 temporis
503 802 655 872 coniecta
686 811 744 871 est.
791 803 894 888 Haec,
925 806 1074 886 quamvis
1106 803 1208 887 primo
1234 806 1461 886 secundoque
1484 826 1510 886 p.

325 908 398 976 Chr.
424 928 453 977 n.
470 913 603 978 saeculo
627 909 684 993 eis,
710 911 766 992 qui
789 909 978 978 Ciceronem
995 912 1185 980 lectitaruut
1208 911 1270 980 vel
1296 911 1511 978 commentati

325 1021 412 1100 suut,
451 1023 489 1083 ut
527 1017 668 1085 Asconio
707 1015 937 1100 Bobiensique‚
975 1017 1010 1084 in
1047 1016 1198 1084 manibus
1238 1016 1363 1097 fuerit,
1405 1023 1511 1084 tamen

323 1128 500 1206 praeterea
545 1131 579 1190 et
617 1124 843 1208 Verrinerum,
891 1124 1167 1208 sordiscariorum,
1215 1125 1509 1202 Caesariauarum,

323 1227 580 1312 Philippicarum
605 1249 743 1314 corpora
774 1232 915 1298 ethaeo
945 1231 1126 1298 secundum
1159 1230 1325 1314 temporis
1351 1229 1508 1298 rationem

325 1335 485 1419 disposita
509 1337 701 1406 edebantur.
726 1389 728 1392 .
748 1341 859 1420 Atque
882 1339 964 1405 haec
985 1358 1057 1406 eum
1082 1338 1181 1406 certis
1197 1337 1369 1422 temporis
1393 1336 1505 1406 finibus

323 1443 550 1511 circumscribi
594 1445 728 1532 possint,
775 1446 815 1514 de
853 1445 988 1528 reliquis
1026 1464 1090 1513 uon
1129 1446 1273 1530 contigit
1317 1453 1502 1513 accuratum

322 1548 435 1617 iacere
455 1551 620 1619 iudicium.
656 1556 757 1621 Patet
772 1561 883 1621 autem
899 1562 1014 1637 postea
1029 1554 1175 1620 ordinem
1192 1553 1288 1620 illius
1307 1552 1499 1621 Tironiauae

323 1657 477 1725 editionis
501 1658 671 1727 confusum
696 1679 768 1728 esse
791 1661 920 1742 aliaque
945 1664 986 1728 ob
1011 1679 1083 1729 eam
1099 1679 1168 1727 rem
1185 1678 1334 1743 corpora
1352 1658 1494 1728 extitisse.

322 1766 352 1834 E
376 1767 493 1848 quibus
517 1767 612 1834 nobis
635 1767 780 1851 vestigia
801 1775 936 1837 servata
953 1771 1080 1835 suntin
1096 1767 1317 1850 palimpsesto
1344 1769 1490 1834 Vaticano

321 1872 475 1938 Palatino
492 1870 545 1957 24,
558 1873 592 1940 in
609 1874 830 1958 manuscripto
846 1875 1004 1958 aPoggio
1016 1875 1161 1959 invento,
1178 1873 1213 1940 in
1230 1874 1403 1942 Vaticano
1411 1871 1484 1940 Basi-

322 1978 407 2045 licae
423 1983 455 2047 H
473 1977 525 2049 25.
551 1982 591 2048 Iu
607 1982 658 2048 his
674 2002 786 2049 omnes
803 1983 966 2050 orationes
983 2001 1025 2050 ex
1039 1983 1225 2050 litterarum
1249 1982 1347 2050 serie
1373 1977 1479 2062 disposi-

322 2094 376 2153 tae
393 2096 498 2155 eraut.
523 2090 652 2156 Deinde
675 2091 768 2159 nobis
792 2091 946 2158 traditum
972 2100 1024 2158 est
1040 2110 1157 2174 eorpus
1176 2095 1374 2158 orationum
1391 2081 1482 2170 eutii
1567 2081 1568 2090 ’

322 2192 375 2262 57.
401 2194 453 2262 56.
490 2196 698 2281 habitarum,
736 2198 821 2280 quod
845 2207 879 2264 et
903 2198 1005 2280 ipsum
1030 2198 1270 2282 posterioribus
1296 2195 1488 2282 temporibus

322 2302 535 2369 coustitutum
565 2303 706 2374 videtur.
754 2307 907 2372 Nostram
938 2324 1016 2374 roro
1048 2307 1246 2372 sententiam
1285 2307 1330 2372 de
1356 2302 1487 2372 omuibus

320 2409 524 2478 orationibus
547 2433 568 2479 a
591 2412 771 2480 scholiasta
786 2412 960 2497 explicatis
977 2425 1168 2497 conceptam
1186 2412 1392 2482 testimoniis
1405 2408 1489 2478 etiam

321 2520 525 2617 extrinsecus
549 2520 732 2604 adsumptis
757 2521 964 2604 comprobari
986 2529 1088 2604 petet.
