3230 5254
752 427 907 528 ΔΞ,
956 523 963 528 .

271 634 384 698 tomen,
411 627 495 708 qnod
516 626 590 692 ln'c.
609 677 616 691 .
635 679 641 693 .
667 627 802 692 maltum
816 629 986 693 notaminis
1005 634 1143 712 occupat,
1168 648 1231 692 non
1246 627 1453 692 mediocriter

271 734 398 799 uidetur
420 734 465 798 ad
487 735 646 818 nepotinm
664 735 835 816 pertinere.

360 838 527 906 Eiusmodi
559 837 728 906 adnotatio
760 847 853 906 extat
896 837 1000 923 296,5,
1037 847 1068 909 ἐν
1106 844 1290 932 παραβάσει
1324 841 1442 920 qnidam

271 947 397 1013 oidetnr
419 948 546 1012 illorum
570 953 743 1029 temporam
766 949 951 1015 memoriam
978 968 1151 1028 recensere3
1186 946 1241 1012 sed
1268 947 1437 1029 plnrimnm

274 1055 319 1120 ad
334 1060 536 1136 praesentem
559 1056 775 1138 defensionem
798 1055 838 1121 P.
863 1053 958 1121 Sestii
980 1056 1072 1120 eald.

379 1162 489 1241 Atque
514 1178 710 1241 quamquam
734 1159 897 1242 expressis
921 1162 1033 1226 verbis
1056 1179 1120 1226 nou
1137 1159 1225 1238 dicit,
1252 1165 1365 1225 tamen
1381 1177 1445 1240 par·

274 1265 412 1348 spicitur
451 1285 521 1332 eum
562 1265 739 1334 defendere
779 1266 863 1333 velle
904 1267 1093 1334 Ciceronem
1132 1264 1230 1349 2911,
1268 1266 1358 1331 Mire
1395 1266 1448 1332 aab

273 1375 565 1440 commemoratione
588 1377 738 1455 ternporis
760 1376 814 1439 sni
836 1375 979 1456 defendit
1001 1378 1096 1440 etiam
1119 1395 1248 1440 cansam
1277 1374 1321 1439 P.
1346 1372 1448 1449 Sestii,

274 1483 329 1564 qni
357 1481 480 1546 nidetnr
509 1482 630 1547 similia
666 1483 786 1564 fecisse.
822 1479 941 1560 313,5.
969 1531 1005 1546 ..
1039 1503 1096 1547 nec
1124 1488 1231 1564 tamen
1258 1482 1377 1547 recedit
1399 1501 1448 1546 ns-

274 1607 368 1671 qnam
391 1610 412 1652 a
435 1587 476 1651 P.
502 1587 601 1653 Sestc'i
623 1588 813 1670 defensione,
846 1590 994 1670 qnoniam
1018 1595 1046 1654 et
1068 1591 1176 1672 ipsam
1198 1608 1262 1670 pro
1292 1587 1450 1667 republica

274 1695 377 1760 uideri
398 1694 503 1759 stndet
524 1694 568 1758 ad
589 1695 819 1759 restituendam
843 1696 996 1779 dipnitati
1018 1715 1095 1760 snae
1117 1693 1260 1760 Tulliam
1284 1694 1449 1759 laborasse.

365 1798 431 1866 Ubi
454 1819 532 1866 vero
555 1799 626 1881 ipse
643 1819 682 1865 eo
708 1801 892 1879 adducitur,
919 1807 955 1865 ut
972 1801 1160 1867 Ciceronem
1185 1799 1364 1883 vituperet,
1388 1800 1449 1865 elo

279 1906 448 1989 quantiam
479 1905 566 1972 illius
598 1915 708 1972 tamen
739 1907 890 1973 maximis
925 1908 1079 1974 laudibus
1098 1905 1215 1974 ,effert
1261 1907 1319 1972 Ita
1339 1906 1368 1970 in
1388 1907 1444 1970 illo

277 2014 451 2082 Sestianae
485 2019 679 2096 argumento
711 2013 819 2078 obiter
848 2023 977 2080 tantum
1013 2033 1234 2096 exaggerasse
1263 2013 1435 2080 Ciceronem

277 2121 410 2203 saepius
453 2133 692 2186 commemorat.
752 2121 805 2186 Ita
843 2122 945 2186 semel
980 2122 1020 2186 de
1056 2121 1157 2186 nimia
1191 2121 1261 2186 cius
1301 2119 1440 2203 superbia

278 2230 435 2310 queritur,
461 2226 561 2292 adicit
584 2235 693 2293 autem
717 2228 859 2313 (315m.)
883 2233 1027 2312 quamuis
1050 2236 1208 2294 mereatur
1238 2230 1296 2294 boc
1321 2230 1444 2294 testimo

277 2341 368 2402 ninm
396 2342 462 2400 tam
495 2335 633 2418 insipnis
654 2341 684 2400 et
713 2337 827 2400 nobilis
864 2337 1049 2418 eloquentia.
1104 2334 1217 2402 Multis
1251 2333 1354 2399 etiam
1383 2332 1450 2398 aliis

278 2443 358 2510 locis
391 2443 431 2508 ob
467 2441 552 2506 hauc
585 2441 691 2523 ipsam
722 2443 946 2525 arrogantiam
977 2441 1118 2507 manium
1152 2441 1384 2508 admirandum
1413 2442 1454 2507 Μ.

281 2548 420 2617 Tullium
445 2548 552 2614 videri
576 2547 719 2629 exponit.
767 2549 813 2614 Ut
843 2567 942 2616 uuum
975 2549 1155 2629 exemplum
1187 2547 1342 2616 afferam:
1367 2545 1455 2629 270st

280 2657 381 2737 Mira,
405 2655 523 2735 inquit,
549 2677 620 2720 cnm
642 2657 832 2721 omccnndta
860 2663 888 2721 et
919 2659 1135 2723 moderatione
1158 2662 1187 2721 et
1209 2661 1389 2720 ceterorum
1410 2656 1458 2719 in·

281 2765 376 2846 penta
400 2765 553 2845 depressit
577 2770 606 2828 ct
628 2784 726 2828 snam·
743 2766 779 2827 in
803 2764 933 2829 dicendo
945 2767 1182 2845 praestantiam
1203 2764 1350 2828 omnibns
1373 2769 1458 2828 antc-

275 2871 393 2950 posuit.
442 2869 499 2934 Bis
522 2875 634 2936 tamen
657 2888 774 2935 versus
799 2869 965 2936 Ciceronis
990 2869 1053 2934 sibi
1081 2889 1145 2936 non
1180 2870 1312 2952 placere
1336 2868 1458 2952 ticin).

370 2977 435 3041 Est
458 2975 563 3057 igitur
586 2977 753 3058 interpres
771 2978 929 3059 magister
946 2977 1189 3061 eloquentiael),
1217 2979 1272 3057 qui
1289 2975 1458 3057 discipulis

374 3153 396 3221 ⁶)
418 3153 513 3220 rouro.
534 3153 629 3220 abac.
653 3169 740 3221 neque
764 3161 853 3206 tamen
878 3154 919 3206 hic
939 3155 1071 3222 agendum
1090 3155 1122 3206 de
1141 3152 1205 3209 locis
1226 3152 1338 3220 videtur,
1366 3154 1457 3222 quibus

281 3242 451 3311 Schilliugius
475 3243 621 3310 vituperari
642 3242 794 3299 Ciceronem
819 3243 977 3300 aBobiensi
1001 3245 1092 3296 censet
1116 3244 1150 3310 (p.
1171 3243 1232 3309 26);
1256 3241 1339 3310 neap,
1365 3243 1455 3310 26δῶ

282 3334 377 3401 asum.
397 3332 493 3400 saepo.
531 3332 607 3396 Quod
626 3332 697 3384 eninr
714 3331 751 3384 ibi
778 3335 885 3399 propter
909 3337 1013 3383 nimiam
1031 3336 1205 3384 obscuritatem
1228 3331 1264 3385 M.
1284 3331 1401 3385 Tullium
1419 3348 1454 3384 ro

283 3413 410 3490 prehendi
428 3424 511 3488 putat,
530 3421 557 3476 id
571 3419 680 3472 minime
693 3421 731 3477 fit.
759 3419 981 3474 Luculentissime
993 3420 1059 3473 haec
1072 3420 1205 3476 sententia
1219 3421 1354 3474 refutatur
1367 3424 1455 3483 36831

282 3529 366 3563 senem
385 3515 482 3578 quidem
501 3513 594 3561 multoe
609 3513 745 3561 obscuratis
764 3521 805 3576 est,
825 3513 896 3560 errius
913 3513 1051 3560 intellectus
1068 3514 1104 3560 sic
1116 3513 1241 3576 aperietur
1256 3551 1260 3561 .
1277 3552 1283 3564 .
1300 3555 1307 3567 ,
1327 3510 1454 3579 (Sequitur
1509 3497 1511 3504 Ι

284 3602 413 3670 expositio
439 3601 470 3653 de
494 3601 524 3653 L.
543 3602 691 3669 Torquate.)
734 3601 803 3654 Dicit
829 3601 969 3654 scholiasta
999 3602 1034 3654 M.
1060 3601 1136 3654 Tullii
1162 3601 1243 3654 verba
1267 3601 1345 3654 asui
1366 3596 1446 3654 saeculi

284 3691 433 3746 hominibus
456 3706 509 3742 non
527 3689 603 3743 facile
623 3690 740 3759 intelligi,
760 3691 868 3743 minime
888 3707 950 3744 vero
971 3690 1124 3744 Ciceronem
1144 3690 1285 3758 vituperat,
1307 3692 1358 3743 sed
1382 3687 1446 3741 inter-

284 3781 430 3848 pretatione
449 3779 537 3832 addita
555 3780 636 3832 verba
654 3779 723 3832 illius
745 3779 867 3850 explicat.
904 3781 999 3848 Neque
1019 3780 1094 3846 268,6
1114 3783 1185 3832 recte
1204 3778 1381 3847 Sohillingius
1397 3775 1452 3830 iudi-

283 3872 327 3922 cat
345 3867 498 3922 Ciceronem
517 3869 682 3936 reprehendi,
702 3871 771 3936 quod
790 3869 905 3938 epilogos
925 3872 1131 3935 minziamfleblles
1149 3867 1295 3922 habuisset.
1325 3869 1457 3921 nimium

284 3957 350 4010 nihil
369 3957 449 4011 habet
467 3959 690 4026 reprehensionis,
710 3959 844 4012 sedidem
865 3959 936 4012 valet
954 3962 1034 4027 atque
1053 3958 1162 4014 valde.

304 4043 306 4047 ’
378 4047 396 4115 ⁷)
415 4047 510 4116 Itaque
534 4047 659 4100 iudicium
680 4047 825 4115 schillingii
846 4048 1029 4111 adnotationes
1057 4047 1203 4100 rhetoricas
1227 4045 1302 4099 nihili
1327 4063 1389 4101 esse
1413 4061 1462 4098 nou

285 4137 358 4190 omni
377 4154 411 4190 ex
430 4140 504 4205 parte
525 4137 635 4204 probare
650 4153 766 4205 possum.
796 4138 1005 4205 Computandum
1026 4137 1096 4202 enim
1111 4141 1160 4204 est,
1181 4153 1215 4188 an
1233 4134 1372 4204 discipulis
1384 4136 1463 4188 huius

286 4227 403 4294 magistri
426 4228 553 4295 prodesse
578 4243 624 4279 eae
649 4228 790 4295 potuerint.
847 4227 881 4279 nt
911 4227 961 4280 hoc
990 4243 1023 4280 ne
1049 4225 1218 4294 Schillingius
1250 4225 1360 4294 quidem
1384 4240 1464 4290 nega-

287 4315 332 4368 bit.
369 4315 474 4368 Eteuim
488 4319 515 4369 et
528 4317 598 4383 quod
617 4317 724 4368 nomina
742 4332 843 4385 graeca,
863 4332 942 4384 saepe
956 4317 1036 4369 etiam
1051 4315 1133 4368 latina
1146 4317 1298 4383 figurarum,
1318 4317 1464 4383 troporum,

286 4407 403 4458 statuum
432 4406 539 4473 adiecit,
573 4405 687 4460 insultum
713 4421 760 4472 eos
789 4405 910 4462 didicisse
935 4409 1141 4459 consentaneum
1170 4408 1229 4470 est3
1266 4420 1354 4472 neque
1382 4403 1466 4456 inter-

287 4495 404 4548 dretandi
425 4495 489 4548 ratio
509 4496 614 4549 omnino
633 4497 807 4564 vituperanda
826 4498 874 4548 est.
912 4497 998 4547 humo
1012 4500 1041 4547 ut
1055 4496 1185 4560 ‹qaraedam
1205 4493 1328 4561 exempla
1345 4495 1464 4560 afferam,
