<?xml version="1.0" encoding="UTF-8"?>
<!DOCTYPE html PUBLIC "-//W3C//DTD XHTML 1.0 Transitional//EN"
    "http://www.w3.org/TR/xhtml1/DTD/xhtml1-transitional.dtd">
<html xmlns="http://www.w3.org/1999/xhtml" xml:lang="en" lang="en">
 <head>
  <title>
</title>
<meta http-equiv="Content-Type" content="text/html;charset=utf-8" />
  <meta name='ocr-system' content='tesseract 3.04.00' />
  <meta name='ocr-capabilities' content='ocr_page ocr_carea ocr_par ocr_line ocrx_word'/>
</head>
<body>
  <div class='ocr_page' id='page_1' title='image "./descholiiscicer00hildgoog_0069.png"; bbox 0 0 3230 5254; ppageno 0'>
   <div class='ocr_carea' id='block_1_1' title="bbox 288 605 1475 2284">
    <p class='ocr_par' dir='ltr' id='par_1_1' title="bbox 288 605 1475 2191">
     <span class='ocr_line' id='line_1_1' title="bbox 338 605 1470 690; baseline 0.001 -16"><span class='ocrx_word' id='word_1_1' title='bbox 338 607 567 690; x_wconf 84' lang='lat' dir='ltr'><em>Plin.11‚90.</em></span> <span class='ocrx_word' id='word_1_2' title='bbox 603 610 730 674; x_wconf 77' lang='lat' dir='ltr'><em>Albos</em></span> <span class='ocrx_word' id='word_1_3' title='bbox 741 629 856 690; x_wconf 87' lang='lat' dir='ltr'><em>perru-</em></span> <span class='ocrx_word' id='word_1_4' title='bbox 955 609 1056 678; x_wconf 81' lang='lat' dir='ltr'><em>schol.</em></span> <span class='ocrx_word' id='word_1_5' title='bbox 1081 605 1198 690; x_wconf 66' lang='lat' dir='ltr'><em>ueta.</em></span> <span class='ocrx_word' id='word_1_6' title='bbox 1246 609 1308 677; x_wconf 80' lang='lat' dir='ltr'><em>Sei</em></span> <span class='ocrx_word' id='word_1_7' title='bbox 1341 633 1380 676; x_wconf 88' lang='lat' dir='ltr'><em>ue</em></span> <span class='ocrx_word' id='word_1_8' title='bbox 1408 614 1470 676; x_wconf 87' lang='lat' dir='ltr'><em>ori·</em></span> 
     </span>
     <span class='ocr_line' id='line_1_2' title="bbox 288 717 1472 802; baseline 0.006 -22"><span class='ocrx_word' id='word_1_9' title='bbox 288 719 342 800; x_wconf 84' lang='lat' dir='ltr'><em>pit</em></span> <span class='ocrx_word' id='word_1_10' title='bbox 364 737 454 782; x_wconf 87' lang='lat' dir='ltr'><em>more</em></span> <span class='ocrx_word' id='word_1_11' title='bbox 469 717 632 795; x_wconf 80' lang='lat' dir='ltr'><strong><em>Leucada,</em></strong></span> <span class='ocrx_word' id='word_1_12' title='bbox 656 717 854 797; x_wconf 85' lang='lat' dir='ltr'><em>Autirrium,</em></span> <span class='ocrx_word' id='word_1_13' title='bbox 908 721 1015 802; x_wconf 83' lang='lat' dir='ltr'><em>piuem</em></span> <span class='ocrx_word' id='word_1_14' title='bbox 1047 719 1187 784; x_wconf 84' lang='lat' dir='ltr'><em>civitatis</em></span> <span class='ocrx_word' id='word_1_15' title='bbox 1220 719 1359 784; x_wconf 80' lang='lat' dir='ltr'><em>eiusdem</em></span> <span class='ocrx_word' id='word_1_16' title='bbox 1386 723 1472 788; x_wconf 78' lang='lat' dir='ltr'><em>uuae</em></span> 
     </span>
     <span class='ocr_line' id='line_1_3' title="bbox 295 822 1472 906; baseline 0.005 -18"><span class='ocrx_word' id='word_1_17' title='bbox 295 822 547 903; x_wconf 65' lang='lat' dir='ltr'><em>Hellespontum,</em></span> <span class='ocrx_word' id='word_1_18' title='bbox 572 823 734 906; x_wconf 75' lang='lat' dir='ltr'><em>Bosporos</em></span> <span class='ocrx_word' id='word_1_19' title='bbox 764 831 851 896; x_wconf 84' lang='lat' dir='ltr'><em>duos.</em></span> <span class='ocrx_word' id='word_1_20' title='bbox 909 827 1176 892; x_wconf 74' lang='lat' dir='ltr'><em>trausoumurisse</em></span> <span class='ocrx_word' id='word_1_21' title='bbox 1189 826 1366 906; x_wconf 80' lang='lat' dir='ltr'><em>uideamur,</em></span> <span class='ocrx_word' id='word_1_22' title='bbox 1389 831 1472 896; x_wconf 86' lang='lat' dir='ltr'><em>auti-</em></span> 
     </span>
     <span class='ocr_line' id='line_1_4' title="bbox 296 929 1470 1020; baseline 0.008 -27"><span class='ocrx_word' id='word_1_23' title='bbox 296 929 349 995; x_wconf 87' lang='lat'><em>91.</em></span> <span class='ocrx_word' id='word_1_24' title='bbox 373 929 478 1012; x_wconf 81' lang='lat' dir='ltr'><em>Atque</em></span> <span class='ocrx_word' id='word_1_25' title='bbox 499 935 535 993; x_wconf 90' lang='lat' dir='ltr'><em>ut</em></span> <span class='ocrx_word' id='word_1_26' title='bbox 561 933 652 998; x_wconf 69' lang='lat' dir='ltr'><em>uuus</em></span> <span class='ocrx_word' id='word_1_27' title='bbox 680 939 709 999; x_wconf 89' lang='lat' dir='ltr'><em>et</em></span> <span class='ocrx_word' id='word_1_28' title='bbox 738 942 854 1020; x_wconf 81' lang='lat' dir='ltr'><em>stapua</em></span> <span class='ocrx_word' id='word_1_29' title='bbox 909 932 1072 1015; x_wconf 80' lang='lat' dir='ltr'><em>quissimis</em></span> <span class='ocrx_word' id='word_1_30' title='bbox 1092 931 1168 997; x_wconf 86' lang='lat' dir='ltr'><em>baec</em></span> <span class='ocrx_word' id='word_1_31' title='bbox 1182 935 1376 1016; x_wconf 76' lang='lat' dir='ltr'><em>temporibus</em></span> <span class='ocrx_word' id='word_1_32' title='bbox 1389 937 1470 1002; x_wconf 84' lang='lat' dir='ltr'><em>Tau·</em></span> 
     </span>
     <span class='ocr_line' id='line_1_5' title="bbox 292 1038 1469 1122; baseline 0.01 -19"><span class='ocrx_word' id='word_1_33' title='bbox 292 1043 499 1117; x_wconf 89' lang='lat' dir='ltr'><em>praeteream,</em></span> <span class='ocrx_word' id='word_1_34' title='bbox 508 1038 580 1119; x_wconf 88' lang='lat' dir='ltr'><em>ipsa</em></span> <span class='ocrx_word' id='word_1_35' title='bbox 591 1060 624 1104; x_wconf 90' lang='lat' dir='ltr'><em>se</em></span> <span class='ocrx_word' id='word_1_36' title='bbox 636 1050 750 1108; x_wconf 81' lang='lat' dir='ltr'><em>contest</em></span> <span class='ocrx_word' id='word_1_37' title='bbox 758 1050 853 1111; x_wconf 86' lang='lat' dir='ltr'><em>terra.</em></span> <span class='ocrx_word' id='word_1_38' title='bbox 909 1041 986 1105; x_wconf 70' lang='lat' dir='ltr'><em>talis</em></span> <span class='ocrx_word' id='word_1_39' title='bbox 1007 1039 1144 1105; x_wconf 62' lang='lat' dir='ltr'><em>vocitata</em></span> <span class='ocrx_word' id='word_1_40' title='bbox 1167 1045 1227 1118; x_wconf 69' lang='lat' dir='ltr'><em>etl,</em></span> <span class='ocrx_word' id='word_1_41' title='bbox 1252 1062 1349 1122; x_wconf 68' lang='lat' dir='ltr'><em>quam</em></span> <span class='ocrx_word' id='word_1_42' title='bbox 1388 1049 1469 1110; x_wconf 75' lang='lat' dir='ltr'><em>terro</em></span> 
     </span>
     <span class='ocr_line' id='line_1_6' title="bbox 296 1141 1469 1231; baseline 0.009 -24"><span class='ocrx_word' id='word_1_43' title='bbox 296 1142 469 1210; x_wconf 86' lang='lat' dir='ltr'><em>Devoraeit</em></span> <span class='ocrx_word' id='word_1_44' title='bbox 497 1141 640 1211; x_wconf 77' lang='lat' dir='ltr'><em>(libatum</em></span> <span class='ocrx_word' id='word_1_45' title='bbox 663 1149 856 1216; x_wconf 86' lang='lat' dir='ltr'><em>altissimum</em></span> <span class='ocrx_word' id='word_1_46' title='bbox 911 1150 985 1227; x_wconf 91' lang='lat' dir='ltr'><em>ipsa</em></span> <span class='ocrx_word' id='word_1_47' title='bbox 997 1149 1210 1226; x_wconf 83' lang='lat' dir='ltr'><em>consumpsit.</em></span> <span class='ocrx_word' id='word_1_48' title='bbox 1227 1149 1469 1231; x_wconf 77' lang='lat' dir='ltr'><em>‚ibiqueposteo</em></span> 
     </span>
     <span class='ocr_line' id='line_1_7' title="bbox 295 1253 1470 1341; baseline 0.009 -28"><span class='ocrx_word' id='word_1_49' title='bbox 295 1255 429 1316; x_wconf 88' lang='lat' dir='ltr'><em>moutem</em></span> <span class='ocrx_word' id='word_1_50' title='bbox 471 1271 543 1314; x_wconf 90' lang='lat' dir='ltr'><em>eum</em></span> <span class='ocrx_word' id='word_1_51' title='bbox 583 1257 698 1337; x_wconf 84' lang='lat' dir='ltr'><em>oppido</em></span> <span class='ocrx_word' id='word_1_52' title='bbox 738 1255 856 1339; x_wconf 85' lang='lat' dir='ltr'><em>Curite,</em></span> <span class='ocrx_word' id='word_1_53' title='bbox 913 1253 1064 1335; x_wconf 82' lang='lat' dir='ltr'><em>oppidum</em></span> <span class='ocrx_word' id='word_1_54' title='bbox 1076 1256 1287 1333; x_wconf 86' lang='lat' dir='ltr'><em>coustitutum,</em></span> <span class='ocrx_word' id='word_1_55' title='bbox 1303 1259 1357 1321; x_wconf 89' lang='lat' dir='ltr'><em>cui</em></span> <span class='ocrx_word' id='word_1_56' title='bbox 1365 1255 1470 1341; x_wconf 77' lang='lat' dir='ltr'><em>Sipylo</em></span> 
     </span>
     <span class='ocr_line' id='line_1_8' title="bbox 296 1356 1471 1446; baseline 0.006 -24"><span class='ocrx_word' id='word_1_57' title='bbox 296 1356 443 1440; x_wconf 73' lang='lat' dir='ltr'><em>Sipylum</em></span> <span class='ocrx_word' id='word_1_58' title='bbox 465 1361 501 1422; x_wconf 88' lang='lat' dir='ltr'><em>iu</em></span> <span class='ocrx_word' id='word_1_59' title='bbox 518 1358 691 1442; x_wconf 80' lang='lat' dir='ltr'><em>Mapuesia</em></span> <span class='ocrx_word' id='word_1_60' title='bbox 715 1369 744 1427; x_wconf 82' lang='lat' dir='ltr'><em>et</em></span> <span class='ocrx_word' id='word_1_61' title='bbox 764 1368 859 1446; x_wconf 86' lang='lat' dir='ltr'><em>prius</em></span> <span class='ocrx_word' id='word_1_62' title='bbox 912 1381 1023 1426; x_wconf 84' lang='lat' dir='ltr'><em>uomou</em></span> <span class='ocrx_word' id='word_1_63' title='bbox 1039 1361 1186 1430; x_wconf 79' lang='lat' dir='ltr'><em>inolitum.</em></span> <span class='ocrx_word' id='word_1_64' title='bbox 1219 1361 1398 1446; x_wconf 78' lang='lat' dir='ltr'><em>Pleraeque</em></span> <span class='ocrx_word' id='word_1_65' title='bbox 1413 1365 1471 1432; x_wconf 90' lang='lat' dir='ltr'><em>ali·</em></span> 
     </span>
     <span class='ocr_line' id='line_1_9' title="bbox 296 1464 1472 1537; baseline 0.009 -10"><span class='ocrx_word' id='word_1_66' title='bbox 296 1465 331 1527; x_wconf 88' lang='lat' dir='ltr'><em>iu</em></span> <span class='ocrx_word' id='word_1_67' title='bbox 355 1464 460 1530; x_wconf 83' lang='lat' dir='ltr'><em>eodem</em></span> <span class='ocrx_word' id='word_1_68' title='bbox 483 1466 548 1531; x_wconf 91' lang='lat' dir='ltr'><em>loco</em></span> <span class='ocrx_word' id='word_1_69' title='bbox 564 1466 780 1534; x_wconf 88' lang='lat' dir='ltr'><em>clarissimam</em></span> <span class='ocrx_word' id='word_1_70' title='bbox 803 1493 857 1536; x_wconf 90' lang='lat' dir='ltr'><em>ur·</em></span> <span class='ocrx_word' id='word_1_71' title='bbox 912 1487 949 1533; x_wconf 91' lang='lat' dir='ltr'><em>ae</em></span> <span class='ocrx_word' id='word_1_72' title='bbox 971 1471 1073 1534; x_wconf 90' lang='lat' dir='ltr'><em>maris</em></span> <span class='ocrx_word' id='word_1_73' title='bbox 1087 1470 1299 1536; x_wconf 85' lang='lat' dir='ltr'><em>iuuuolotioue</em></span> <span class='ocrx_word' id='word_1_74' title='bbox 1314 1473 1472 1537; x_wconf 84' lang='lat' dir='ltr'><em>demersae</em></span> 
     </span>
     <span class='ocr_line' id='line_1_10' title="bbox 297 1571 1471 1660; baseline 0.008 -25"><span class='ocrx_word' id='word_1_75' title='bbox 297 1571 373 1648; x_wconf 91' lang='lat' dir='ltr'><em>bem,</em></span> <span class='ocrx_word' id='word_1_76' title='bbox 399 1592 479 1653; x_wconf 77' lang='lat' dir='ltr'><em>quae</em></span> <span class='ocrx_word' id='word_1_77' title='bbox 509 1572 656 1639; x_wconf 81' lang='lat' dir='ltr'><em>Tautalis</em></span> <span class='ocrx_word' id='word_1_78' title='bbox 685 1579 858 1643; x_wconf 86' lang='lat' dir='ltr'><em>vocabatur</em></span> <span class='ocrx_word' id='word_1_79' title='bbox 911 1581 999 1656; x_wconf 87' lang='lat' dir='ltr'><em>suut,</em></span> <span class='ocrx_word' id='word_1_80' title='bbox 1032 1596 1168 1658; x_wconf 79' lang='lat' dir='ltr'><em>quarum</em></span> <span class='ocrx_word' id='word_1_81' title='bbox 1201 1577 1266 1660; x_wconf 74' lang='lat' dir='ltr'><em>suit</em></span> <span class='ocrx_word' id='word_1_82' title='bbox 1297 1579 1471 1656; x_wconf 78' lang='lat' dir='ltr'><em>Leucadia,</em></span> 
     </span>
     <span class='ocr_line' id='line_1_11' title="bbox 298 1675 1472 1767; baseline 0.009 -26"><span class='ocrx_word' id='word_1_83' title='bbox 298 1730 305 1742; x_wconf 94' lang='lat'>.</span> <span class='ocrx_word' id='word_1_84' title='bbox 331 1727 338 1742; x_wconf 91' lang='lat'><em>.</em></span> <span class='ocrx_word' id='word_1_85' title='bbox 365 1731 372 1744; x_wconf 92' lang='lat'>.</span> <span class='ocrx_word' id='word_1_86' title='bbox 398 1727 405 1742; x_wconf 88' lang='lat'><strong>.</strong></span> <span class='ocrx_word' id='word_1_87' title='bbox 430 1675 483 1744; x_wconf 77' lang='lat'><em>92.</em></span> <span class='ocrx_word' id='word_1_88' title='bbox 543 1679 684 1762; x_wconf 83' lang='lat' dir='ltr'><em>Pprram</em></span> <span class='ocrx_word' id='word_1_89' title='bbox 722 1690 752 1748; x_wconf 94' lang='lat' dir='ltr'><em>et</em></span> <span class='ocrx_word' id='word_1_90' title='bbox 789 1685 857 1750; x_wconf 80' lang='lat' dir='ltr'><em>Au·</em></span> <span class='ocrx_word' id='word_1_91' title='bbox 911 1682 1092 1765; x_wconf 83' lang='lat' dir='ltr'><em>Autirriou,</em></span> <span class='ocrx_word' id='word_1_92' title='bbox 1128 1683 1359 1767; x_wconf 81' lang='lat' dir='ltr'><em>Hellespontus,</em></span> <span class='ocrx_word' id='word_1_93' title='bbox 1393 1685 1472 1751; x_wconf 89' lang='lat' dir='ltr'><em>Bos·</em></span> 
     </span>
     <span class='ocr_line' id='line_1_12' title="bbox 296 1787 1473 1874; baseline 0.008 -24"><span class='ocrx_word' id='word_1_94' title='bbox 296 1788 410 1852; x_wconf 85' lang='lat' dir='ltr'><em>lissam</em></span> <span class='ocrx_word' id='word_1_95' title='bbox 433 1787 519 1852; x_wconf 82' lang='lat' dir='ltr'><em>eirea</em></span> <span class='ocrx_word' id='word_1_96' title='bbox 548 1787 704 1854; x_wconf 79' lang='lat' dir='ltr'><em>Maeotim</em></span> <span class='ocrx_word' id='word_1_97' title='bbox 734 1791 858 1857; x_wconf 88' lang='lat' dir='ltr'><em>Poutus</em></span> <span class='ocrx_word' id='word_1_98' title='bbox 906 1793 983 1872; x_wconf 89' lang='lat' dir='ltr'><em>pori</em></span> <span class='ocrx_word' id='word_1_99' title='bbox 1006 1790 1082 1856; x_wconf 85' lang='lat' dir='ltr'><em>duo:</em></span> <span class='ocrx_word' id='word_1_100' title='bbox 1106 1798 1141 1856; x_wconf 90' lang='lat' dir='ltr'><em>ut</em></span> <span class='ocrx_word' id='word_1_101' title='bbox 1166 1790 1308 1874; x_wconf 85' lang='lat' dir='ltr'><em>Pprram</em></span> <span class='ocrx_word' id='word_1_102' title='bbox 1331 1799 1360 1856; x_wconf 91' lang='lat' dir='ltr'><em>et</em></span> <span class='ocrx_word' id='word_1_103' title='bbox 1380 1793 1473 1859; x_wconf 83' lang='lat' dir='ltr'><em>Auti-</em></span> 
     </span>
     <span class='ocr_line' id='line_1_13' title="bbox 297 1894 1472 1980; baseline 0.006 -21"><span class='ocrx_word' id='word_1_104' title='bbox 297 1894 443 1969; x_wconf 88' lang='lat' dir='ltr'><em>abstul&#39;t,</em></span> <span class='ocrx_word' id='word_1_105' title='bbox 489 1894 624 1960; x_wconf 88' lang='lat' dir='ltr'><em>Helioeu</em></span> <span class='ocrx_word' id='word_1_106' title='bbox 664 1904 693 1962; x_wconf 88' lang='lat' dir='ltr'><em>et</em></span> <span class='ocrx_word' id='word_1_107' title='bbox 733 1899 860 1965; x_wconf 90' lang='lat' dir='ltr'><em>Buram</em></span> <span class='ocrx_word' id='word_1_108' title='bbox 915 1917 985 1962; x_wconf 90' lang='lat' dir='ltr'><em>sam</em></span> <span class='ocrx_word' id='word_1_109' title='bbox 1020 1901 1106 1964; x_wconf 89' lang='lat' dir='ltr'><em>cirea</em></span> <span class='ocrx_word' id='word_1_110' title='bbox 1130 1897 1287 1964; x_wconf 79' lang='lat' dir='ltr'><em>Maeotim</em></span> <span class='ocrx_word' id='word_1_111' title='bbox 1318 1899 1472 1980; x_wconf 84' lang='lat' dir='ltr'><em>paludem</em></span> 
     </span>
     <span class='ocr_line' id='line_1_14' title="bbox 296 1999 1472 2092; baseline 0.007 -27"><span class='ocrx_word' id='word_1_112' title='bbox 296 2002 388 2066; x_wconf 83' lang='lat' dir='ltr'><em>siuas</em></span> <span class='ocrx_word' id='word_1_113' title='bbox 422 1999 616 2092; x_wconf 74' lang='lat' dir='ltr'><em>Oomutltius,</em></span> <span class='ocrx_word' id='word_1_114' title='bbox 654 2027 790 2086; x_wconf 77' lang='lat' dir='ltr'><em>quarum</em></span> <span class='ocrx_word' id='word_1_115' title='bbox 825 2010 860 2072; x_wconf 91' lang='lat' dir='ltr'><em>iu</em></span> <span class='ocrx_word' id='word_1_116' title='bbox 917 2004 1040 2070; x_wconf 87' lang='lat' dir='ltr'><em>Poutus</em></span> <span class='ocrx_word' id='word_1_117' title='bbox 1063 2005 1208 2070; x_wconf 89' lang='lat' dir='ltr'><em>abstulit:</em></span> <span class='ocrx_word' id='word_1_118' title='bbox 1231 2010 1268 2069; x_wconf 89' lang='lat' dir='ltr'><em>ut</em></span> <span class='ocrx_word' id='word_1_119' title='bbox 1284 2006 1430 2071; x_wconf 87' lang='lat' dir='ltr'><em>Helicem</em></span> <span class='ocrx_word' id='word_1_120' title='bbox 1444 2015 1472 2073; x_wconf 88' lang='lat' dir='ltr'><em>et</em></span> 
     </span>
     <span class='ocr_line' id='line_1_15' title="bbox 298 2107 1475 2191; baseline 0.007 -19"><span class='ocrx_word' id='word_1_121' title='bbox 298 2107 361 2172; x_wconf 90' lang='lat' dir='ltr'><em>alto</em></span> <span class='ocrx_word' id='word_1_122' title='bbox 384 2109 518 2188; x_wconf 80' lang='lat' dir='ltr'><em>oestipiu</em></span> <span class='ocrx_word' id='word_1_123' title='bbox 540 2117 705 2191; x_wconf 84' lang='lat' dir='ltr'><em>appareat.</em></span> <span class='ocrx_word' id='word_1_124' title='bbox 915 2112 1043 2177; x_wconf 88' lang='lat' dir='ltr'><em>Buram</em></span> <span class='ocrx_word' id='word_1_125' title='bbox 1065 2113 1158 2176; x_wconf 86' lang='lat' dir='ltr'><em>siuas</em></span> <span class='ocrx_word' id='word_1_126' title='bbox 1178 2111 1364 2177; x_wconf 80' lang='lat' dir='ltr'><em>Omiutlrius</em></span> <span class='ocrx_word' id='word_1_127' title='bbox 1388 2115 1475 2180; x_wconf 81' lang='lat' dir='ltr'><em>deco-</em></span> 
     </span>
    </p>

    <p class='ocr_par' dir='ltr' id='par_1_2' title="bbox 914 2221 1008 2284">
     <span class='ocr_line' id='line_1_16' title="bbox 914 2221 1008 2284; baseline 0 -2"><span class='ocrx_word' id='word_1_128' title='bbox 914 2221 1008 2284; x_wconf 90' lang='lat' dir='ltr'><em>raoit.</em></span> 
     </span>
    </p>
   </div>
   <div class='ocr_carea' id='block_1_2' title="bbox 296 2337 1480 3496">
    <p class='ocr_par' dir='ltr' id='par_1_3' title="bbox 296 2337 1480 3496">
     <span class='ocr_line' id='line_1_17' title="bbox 388 2337 1475 2424; baseline 0.007 -22"><span class='ocrx_word' id='word_1_129' title='bbox 388 2337 450 2403; x_wconf 88' lang='lat' dir='ltr'><em>His</em></span> <span class='ocrx_word' id='word_1_130' title='bbox 498 2338 647 2406; x_wconf 90' lang='lat' dir='ltr'><em>omnibus</em></span> <span class='ocrx_word' id='word_1_131' title='bbox 687 2341 861 2424; x_wconf 85' lang='lat' dir='ltr'><em>explicatis</em></span> <span class='ocrx_word' id='word_1_132' title='bbox 912 2343 978 2408; x_wconf 86' lang='lat' dir='ltr'><em>iam</em></span> <span class='ocrx_word' id='word_1_133' title='bbox 1016 2350 1147 2410; x_wconf 82' lang='lat' dir='ltr'><em>constat</em></span> <span class='ocrx_word' id='word_1_134' title='bbox 1184 2343 1401 2424; x_wconf 77' lang='lat' dir='ltr'><em>interpretem</em></span> <span class='ocrx_word' id='word_1_135' title='bbox 1444 2357 1475 2411; x_wconf 88' lang='lat' dir='ltr'><em>et</em></span> 
     </span>
     <span class='ocr_line' id='line_1_18' title="bbox 298 2444 1474 2536; baseline 0.005 -24"><span class='ocrx_word' id='word_1_136' title='bbox 298 2444 461 2529; x_wconf 82' lang='lat' dir='ltr'><em>prioribus</em></span> <span class='ocrx_word' id='word_1_137' title='bbox 478 2449 835 2517; x_wconf 86' lang='lat' dir='ltr'><em>commentariisusum</em></span> <span class='ocrx_word' id='word_1_138' title='bbox 852 2469 925 2518; x_wconf 87' lang='lat' dir='ltr'><em>esse</em></span> <span class='ocrx_word' id='word_1_139' title='bbox 942 2461 975 2516; x_wconf 92' lang='lat' dir='ltr'><em>et</em></span> <span class='ocrx_word' id='word_1_140' title='bbox 992 2451 1159 2529; x_wconf 83' lang='lat' dir='ltr'><em>Cicerone,</em></span> <span class='ocrx_word' id='word_1_141' title='bbox 1182 2449 1289 2536; x_wconf 86' lang='lat' dir='ltr'><em>Livio,</em></span> <span class='ocrx_word' id='word_1_142' title='bbox 1306 2451 1474 2535; x_wconf 84' lang='lat' dir='ltr'><em>Sallustio,</em></span> 
     </span>
     <span class='ocr_line' id='line_1_19' title="bbox 296 2556 1477 2644; baseline 0.003 -22"><span class='ocrx_word' id='word_1_143' title='bbox 296 2556 416 2640; x_wconf 89' lang='lat' dir='ltr'><em>Plinio,</em></span> <span class='ocrx_word' id='word_1_144' title='bbox 442 2558 546 2644; x_wconf 87' lang='lat' dir='ltr'><em>minus</em></span> <span class='ocrx_word' id='word_1_145' title='bbox 563 2565 718 2625; x_wconf 87' lang='lat' dir='ltr'><em>accurate</em></span> <span class='ocrx_word' id='word_1_146' title='bbox 735 2561 873 2642; x_wconf 83' lang='lat' dir='ltr'><em>Nepote.</em></span> <span class='ocrx_word' id='word_1_147' title='bbox 922 2562 997 2643; x_wconf 88' lang='lat' dir='ltr'><em>Ipse</em></span> <span class='ocrx_word' id='word_1_148' title='bbox 1022 2566 1131 2626; x_wconf 82' lang='lat' dir='ltr'><em>eutem</em></span> <span class='ocrx_word' id='word_1_149' title='bbox 1148 2560 1191 2624; x_wconf 85' lang='lat' dir='ltr'><em>ud</em></span> <span class='ocrx_word' id='word_1_150' title='bbox 1206 2559 1302 2624; x_wconf 84' lang='lat' dir='ltr'><em>fidem</em></span> <span class='ocrx_word' id='word_1_151' title='bbox 1320 2571 1477 2642; x_wconf 87' lang='lat' dir='ltr'><em>provocat</em></span> 
     </span>
     <span class='ocr_line' id='line_1_20' title="bbox 298 2661 1476 2753; baseline 0.002 -23"><span class='ocrx_word' id='word_1_152' title='bbox 298 2663 405 2730; x_wconf 81' lang='lat' dir='ltr'><em>Sinnii</em></span> <span class='ocrx_word' id='word_1_153' title='bbox 431 2663 602 2748; x_wconf 80' lang='lat' dir='ltr'><em>Capitonis</em></span> <span class='ocrx_word' id='word_1_154' title='bbox 626 2663 670 2748; x_wconf 90' lang='lat' dir='ltr'><em>(p.</em></span> <span class='ocrx_word' id='word_1_155' title='bbox 695 2661 823 2753; x_wconf 74' lang='lat' dir='ltr'><em>342n)</em></span> <span class='ocrx_word' id='word_1_156' title='bbox 840 2677 875 2733; x_wconf 88' lang='lat' dir='ltr'><em>et</em></span> <span class='ocrx_word' id='word_1_157' title='bbox 891 2665 1062 2733; x_wconf 78' lang='lat' dir='ltr'><em>Tironiaui</em></span> <span class='ocrx_word' id='word_1_158' title='bbox 1082 2665 1158 2733; x_wconf 92' lang='lat' dir='ltr'><em>libri</em></span> <span class='ocrx_word' id='word_1_159' title='bbox 1183 2667 1223 2732; x_wconf 88' lang='lat' dir='ltr'><em>de</em></span> <span class='ocrx_word' id='word_1_160' title='bbox 1250 2666 1333 2733; x_wconf 87' lang='lat' dir='ltr'><em>iocis</em></span> <span class='ocrx_word' id='word_1_161' title='bbox 1350 2667 1476 2734; x_wconf 88' lang='lat' dir='ltr'><em>Cicero-</em></span> 
     </span>
     <span class='ocr_line' id='line_1_21' title="bbox 298 2769 1476 2858; baseline 0.002 -20"><span class='ocrx_word' id='word_1_162' title='bbox 298 2773 408 2838; x_wconf 89' lang='lat' dir='ltr'><em>nianis</em></span> <span class='ocrx_word' id='word_1_163' title='bbox 432 2773 474 2857; x_wconf 91' lang='lat' dir='ltr'><em>(p.</em></span> <span class='ocrx_word' id='word_1_164' title='bbox 498 2769 626 2858; x_wconf 52' lang='lat' dir='ltr'><em>step)</em></span> <span class='ocrx_word' id='word_1_165' title='bbox 650 2777 750 2851; x_wconf 83' lang='lat' dir='ltr'><em>atque</em></span> <span class='ocrx_word' id='word_1_166' title='bbox 766 2773 864 2838; x_wconf 85' lang='lat' dir='ltr'><em>etiam</em></span> <span class='ocrx_word' id='word_1_167' title='bbox 882 2774 1013 2840; x_wconf 83' lang='lat' dir='ltr'><em>tabulas</em></span> <span class='ocrx_word' id='word_1_168' title='bbox 1028 2772 1179 2851; x_wconf 87' lang='lat' dir='ltr'><em>Pacuvii,</em></span> <span class='ocrx_word' id='word_1_169' title='bbox 1198 2773 1355 2856; x_wconf 80' lang='lat' dir='ltr'><em>Terentii,</em></span> <span class='ocrx_word' id='word_1_170' title='bbox 1375 2773 1476 2857; x_wconf 89' lang='lat' dir='ltr'><em>Accii,</em></span> 
     </span>
     <span class='ocr_line' id='line_1_22' title="bbox 298 2879 1476 2968; baseline 0.003 -24"><span class='ocrx_word' id='word_1_171' title='bbox 298 2879 431 2944; x_wconf 84' lang='lat' dir='ltr'><em>Afranii</em></span> <span class='ocrx_word' id='word_1_172' title='bbox 446 2880 567 2964; x_wconf 83' lang='lat' dir='ltr'><em>legisse</em></span> <span class='ocrx_word' id='word_1_173' title='bbox 580 2880 721 2958; x_wconf 80' lang='lat' dir='ltr'><em>videtur,</em></span> <span class='ocrx_word' id='word_1_174' title='bbox 735 2879 799 2945; x_wconf 85' lang='lat' dir='ltr'><em>nisi</em></span> <span class='ocrx_word' id='word_1_175' title='bbox 815 2880 915 2948; x_wconf 84' lang='lat' dir='ltr'><em>etiam</em></span> <span class='ocrx_word' id='word_1_176' title='bbox 933 2882 1019 2946; x_wconf 84' lang='lat' dir='ltr'><em>illae</em></span> <span class='ocrx_word' id='word_1_177' title='bbox 1037 2880 1269 2946; x_wconf 88' lang='lat' dir='ltr'><em>commentario</em></span> <span class='ocrx_word' id='word_1_178' title='bbox 1286 2881 1476 2968; x_wconf 55' lang='lat' dir='ltr'><em>sumpsisti</em></span> 
     </span>
     <span class='ocr_line' id='line_1_23' title="bbox 299 2985 1477 3070; baseline -0.002 -16"><span class='ocrx_word' id='word_1_179' title='bbox 299 2985 500 3054; x_wconf 80' lang='lat' dir='ltr'><em>Auctoribus</em></span> <span class='ocrx_word' id='word_1_180' title='bbox 535 2986 639 3070; x_wconf 86' lang='lat' dir='ltr'><em>igitur</em></span> <span class='ocrx_word' id='word_1_181' title='bbox 677 2987 798 3054; x_wconf 90' lang='lat' dir='ltr'><em>eisdem</em></span> <span class='ocrx_word' id='word_1_182' title='bbox 837 2988 908 3054; x_wconf 84' lang='lat' dir='ltr'><em>iere</em></span> <span class='ocrx_word' id='word_1_183' title='bbox 935 2995 1036 3067; x_wconf 85' lang='lat' dir='ltr'><em>etque</em></span> <span class='ocrx_word' id='word_1_184' title='bbox 1075 2987 1252 3054; x_wconf 87' lang='lat' dir='ltr'><em>Asconium</em></span> <span class='ocrx_word' id='word_1_185' title='bbox 1282 2987 1373 3053; x_wconf 90' lang='lat' dir='ltr'><em>hunc</em></span> <span class='ocrx_word' id='word_1_186' title='bbox 1396 3007 1477 3054; x_wconf 92' lang='lat' dir='ltr'><em>com·</em></span> 
     </span>
     <span class='ocr_line' id='line_1_24' title="bbox 299 3093 1478 3178; baseline -0.001 -19"><span class='ocrx_word' id='word_1_187' title='bbox 299 3095 494 3160; x_wconf 86' lang='lat' dir='ltr'><em>mentarium</em></span> <span class='ocrx_word' id='word_1_188' title='bbox 513 3095 562 3161; x_wconf 89' lang='lat' dir='ltr'><em>uti</em></span> <span class='ocrx_word' id='word_1_189' title='bbox 587 3094 791 3161; x_wconf 84' lang='lat' dir='ltr'><em>Gaumitzius</em></span> <span class='ocrx_word' id='word_1_190' title='bbox 807 3093 870 3161; x_wconf 84' lang='lat' dir='ltr'><em>iam</em></span> <span class='ocrx_word' id='word_1_191' title='bbox 888 3094 1036 3162; x_wconf 87' lang='lat' dir='ltr'><em>viderat:</em></span> <span class='ocrx_word' id='word_1_192' title='bbox 1065 3094 1251 3160; x_wconf 88' lang='lat' dir='ltr'><em>addendum</em></span> <span class='ocrx_word' id='word_1_193' title='bbox 1269 3104 1321 3160; x_wconf 89' lang='lat' dir='ltr'><em>est</em></span> <span class='ocrx_word' id='word_1_194' title='bbox 1338 3103 1478 3178; x_wconf 86' lang='lat' dir='ltr'><em>excepte</em></span> 
     </span>
     <span class='ocr_line' id='line_1_25' title="bbox 298 3197 1477 3287; baseline 0 -21"><span class='ocrx_word' id='word_1_195' title='bbox 298 3219 364 3266; x_wconf 87' lang='lat' dir='ltr'><em>una</em></span> <span class='ocrx_word' id='word_1_196' title='bbox 388 3200 557 3268; x_wconf 88' lang='lat' dir='ltr'><em>sententia</em></span> <span class='ocrx_word' id='word_1_197' title='bbox 581 3197 827 3287; x_wconf 74' lang='lat' dir='ltr'><em>Vergiliana15),</em></span> <span class='ocrx_word' id='word_1_198' title='bbox 852 3219 937 3282; x_wconf 88' lang='lat' dir='ltr'><em>quae</em></span> <span class='ocrx_word' id='word_1_199' title='bbox 969 3201 1093 3266; x_wconf 90' lang='lat' dir='ltr'><em>rhetori</em></span> <span class='ocrx_word' id='word_1_200' title='bbox 1115 3200 1150 3266; x_wconf 92' lang='grc' dir='ltr'>Π</span> <span class='ocrx_word' id='word_1_201' title='bbox 1174 3200 1298 3268; x_wconf 85' lang='lat' dir='ltr'><em>saeculi</em></span> <span class='ocrx_word' id='word_1_202' title='bbox 1329 3203 1477 3283; x_wconf 87' lang='lat' dir='ltr'><em>debetur,</em></span> 
     </span>
     <span class='ocr_line' id='line_1_26' title="bbox 298 3308 1480 3390; baseline -0.001 -16"><span class='ocrx_word' id='word_1_203' title='bbox 298 3327 340 3375; x_wconf 90' lang='lat' dir='ltr'><em>ne</em></span> <span class='ocrx_word' id='word_1_204' title='bbox 366 3309 561 3376; x_wconf 87' lang='lat' dir='ltr'><em>Bobiensem</em></span> <span class='ocrx_word' id='word_1_205' title='bbox 587 3309 714 3390; x_wconf 86' lang='lat' dir='ltr'><em>quidem</em></span> <span class='ocrx_word' id='word_1_206' title='bbox 752 3318 933 3388; x_wconf 86' lang='lat' dir='ltr'><em>auctorum,</em></span> <span class='ocrx_word' id='word_1_207' title='bbox 970 3308 1025 3388; x_wconf 90' lang='lat' dir='ltr'><em>qui</em></span> <span class='ocrx_word' id='word_1_208' title='bbox 1052 3311 1195 3390; x_wconf 82' lang='lat' dir='ltr'><em>Augusti</em></span> <span class='ocrx_word' id='word_1_209' title='bbox 1231 3315 1348 3376; x_wconf 86' lang='lat' dir='ltr'><em>aetate</em></span> <span class='ocrx_word' id='word_1_210' title='bbox 1384 3309 1480 3375; x_wconf 89' lang='lat' dir='ltr'><em>floru-</em></span> 
     </span>
     <span class='ocr_line' id='line_1_27' title="bbox 299 3417 778 3496; baseline -0.006 -11"><span class='ocrx_word' id='word_1_211' title='bbox 299 3427 405 3496; x_wconf 86' lang='lat' dir='ltr'><em>erunt,</em></span> <span class='ocrx_word' id='word_1_212' title='bbox 433 3417 633 3483; x_wconf 89' lang='lat' dir='ltr'><em>mentionem</em></span> <span class='ocrx_word' id='word_1_213' title='bbox 656 3417 778 3482; x_wconf 84' lang='lat' dir='ltr'><em>facere.</em></span> 
     </span>
    </p>
   </div>
   <div class='ocr_carea' id='block_1_3' title="bbox 299 3541 1607 4266">
    <p class='ocr_par' dir='ltr' id='par_1_4' title="bbox 299 3541 1607 4266">
     <span class='ocr_line' id='line_1_28' title="bbox 389 3541 1607 3624; baseline -0.001 -15"><span class='ocrx_word' id='word_1_214' title='bbox 389 3546 499 3624; x_wconf 85' lang='lat' dir='ltr'><em>Atque</em></span> <span class='ocrx_word' id='word_1_215' title='bbox 517 3543 778 3624; x_wconf 85' lang='lat' dir='ltr'><em>quodAsconius</em></span> <span class='ocrx_word' id='word_1_216' title='bbox 804 3541 912 3624; x_wconf 85' lang='lat' dir='ltr'><em>decipi</em></span> <span class='ocrx_word' id='word_1_217' title='bbox 924 3560 999 3608; x_wconf 89' lang='lat' dir='ltr'><em>sese</em></span> <span class='ocrx_word' id='word_1_218' title='bbox 1011 3561 1075 3607; x_wconf 92' lang='lat' dir='ltr'><em>non</em></span> <span class='ocrx_word' id='word_1_219' title='bbox 1087 3550 1264 3624; x_wconf 86' lang='lat' dir='ltr'><em>passusest</em></span> <span class='ocrx_word' id='word_1_220' title='bbox 1276 3543 1483 3610; x_wconf 82' lang='lat' dir='ltr'><em>orationibus</em></span> <span class='ocrx_word' id='word_1_221' title='bbox 1606 3573 1607 3601; x_wconf 65' lang='lat' dir='ltr'><em>r</em></span> 
     </span>
     <span class='ocr_line' id='line_1_29' title="bbox 299 3649 1484 3733; baseline -0.001 -15"><span class='ocrx_word' id='word_1_222' title='bbox 299 3650 530 3733; x_wconf 66' lang='lat' dir='ltr'><em>supposititiis</em></span> <span class='ocrx_word' id='word_1_223' title='bbox 556 3668 692 3730; x_wconf 85' lang='lat' dir='ltr'><em>querum</em></span> <span class='ocrx_word' id='word_1_224' title='bbox 718 3649 787 3714; x_wconf 89' lang='lat' dir='ltr'><em>eius</em></span> <span class='ocrx_word' id='word_1_225' title='bbox 811 3656 923 3715; x_wconf 82' lang='lat' dir='ltr'><em>aetate</em></span> <span class='ocrx_word' id='word_1_226' title='bbox 958 3649 1023 3713; x_wconf 88' lang='lat' dir='ltr'><em>iam</em></span> <span class='ocrx_word' id='word_1_227' title='bbox 1048 3650 1136 3715; x_wconf 85' lang='lat' dir='ltr'><em>haud</em></span> <span class='ocrx_word' id='word_1_228' title='bbox 1164 3665 1287 3730; x_wconf 88' lang='lat' dir='ltr'><em>parvus</em></span> <span class='ocrx_word' id='word_1_229' title='bbox 1324 3667 1484 3717; x_wconf 89' lang='lat' dir='ltr'><em>numerus</em></span> 
     </span>
     <span class='ocr_line' id='line_1_30' title="bbox 299 3755 1486 3839; baseline -0.003 -14"><span class='ocrx_word' id='word_1_230' title='bbox 299 3757 473 3839; x_wconf 83' lang='lat' dir='ltr'><em>evulgatus</em></span> <span class='ocrx_word' id='word_1_231' title='bbox 489 3762 569 3835; x_wconf 85' lang='lat' dir='ltr'><em>erat,</em></span> <span class='ocrx_word' id='word_1_232' title='bbox 592 3758 679 3822; x_wconf 90' lang='lat' dir='ltr'><em>idem</em></span> <span class='ocrx_word' id='word_1_233' title='bbox 702 3759 736 3823; x_wconf 92' lang='lat' dir='ltr'><em>in</em></span> <span class='ocrx_word' id='word_1_234' title='bbox 753 3755 969 3838; x_wconf 88' lang='lat' dir='ltr'><em>interpretem</em></span> <span class='ocrx_word' id='word_1_235' title='bbox 985 3757 1181 3821; x_wconf 87' lang='lat' dir='ltr'><em>Bobiensem</em></span> <span class='ocrx_word' id='word_1_236' title='bbox 1199 3756 1299 3821; x_wconf 87' lang='lat' dir='ltr'><em>cedit.</em></span> <span class='ocrx_word' id='word_1_237' title='bbox 1348 3757 1486 3824; x_wconf 81' lang='lat' dir='ltr'><em>Etenim</em></span> 
     </span>
     <span class='ocr_line' id='line_1_31' title="bbox 300 3862 1606 3949; baseline 0.001 -17"><span class='ocrx_word' id='word_1_238' title='bbox 300 3869 337 3932; x_wconf 88' lang='lat' dir='ltr'><em>ut</em></span> <span class='ocrx_word' id='word_1_239' title='bbox 359 3863 415 3931; x_wconf 89' lang='lat' dir='ltr'><em>ille</em></span> <span class='ocrx_word' id='word_1_240' title='bbox 441 3864 486 3949; x_wconf 90' lang='lat' dir='ltr'><em>(p.</em></span> <span class='ocrx_word' id='word_1_241' title='bbox 513 3863 601 3948; x_wconf 73' lang='lat'><em>84„,)</em></span> <span class='ocrx_word' id='word_1_242' title='bbox 625 3864 790 3930; x_wconf 88' lang='lat' dir='ltr'><em>orationes</em></span> <span class='ocrx_word' id='word_1_243' title='bbox 808 3862 946 3929; x_wconf 90' lang='lat' dir='ltr'><em>Antonii</em></span> <span class='ocrx_word' id='word_1_244' title='bbox 970 3862 1208 3946; x_wconf 88' lang='lat' dir='ltr'><em>Catilinaeque,</em></span> <span class='ocrx_word' id='word_1_245' title='bbox 1233 3882 1319 3944; x_wconf 86' lang='lat' dir='ltr'><em>quac</em></span> <span class='ocrx_word' id='word_1_246' title='bbox 1345 3865 1486 3931; x_wconf 86' lang='lat' dir='ltr'><em>habitae</em></span> <span class='ocrx_word' id='word_1_247' title='bbox 1605 3929 1606 3933; x_wconf 73' lang='grc'>,</span> 
     </span>
     <span class='ocr_line' id='line_1_32' title="bbox 301 3967 1488 4054; baseline 0 -16"><span class='ocrx_word' id='word_1_248' title='bbox 301 3991 374 4038; x_wconf 89' lang='lat' dir='ltr'><em>esse</em></span> <span class='ocrx_word' id='word_1_249' title='bbox 397 3971 609 4054; x_wconf 82' lang='lat' dir='ltr'><em>fingebantur</em></span> <span class='ocrx_word' id='word_1_250' title='bbox 626 3980 741 4037; x_wconf 84' lang='lat' dir='ltr'><em>contre</em></span> <span class='ocrx_word' id='word_1_251' title='bbox 766 3967 945 4039; x_wconf 86' lang='lat' dir='ltr'><em>orationem</em></span> <span class='ocrx_word' id='word_1_252' title='bbox 968 3971 1002 4035; x_wconf 91' lang='lat' dir='ltr'><em>iu</em></span> <span class='ocrx_word' id='word_1_253' title='bbox 1027 3982 1105 4054; x_wconf 84' lang='lat' dir='ltr'><em>toga</em></span> <span class='ocrx_word' id='word_1_254' title='bbox 1134 3969 1274 4036; x_wconf 86' lang='lat' dir='ltr'><em>candidu</em></span> <span class='ocrx_word' id='word_1_255' title='bbox 1299 3970 1488 4054; x_wconf 82' lang='lat' dir='ltr'><em>Ciceronis,</em></span> 
     </span>
     <span class='ocr_line' id='line_1_33' title="bbox 300 4077 1490 4164; baseline -0.002 -16"><span class='ocrx_word' id='word_1_256' title='bbox 300 4101 341 4148; x_wconf 91' lang='lat' dir='ltr'><em>ne</em></span> <span class='ocrx_word' id='word_1_257' title='bbox 376 4081 492 4164; x_wconf 82' lang='lat' dir='ltr'><em>dignos</em></span> <span class='ocrx_word' id='word_1_258' title='bbox 529 4078 658 4160; x_wconf 88' lang='lat' dir='ltr'><em>quidem</em></span> <span class='ocrx_word' id='word_1_259' title='bbox 695 4079 855 4147; x_wconf 86' lang='lat' dir='ltr'><em>iudicavit</em></span> <span class='ocrx_word' id='word_1_260' title='bbox 884 4097 969 4160; x_wconf 86' lang='lat' dir='ltr'><em>quae</em></span> <span class='ocrx_word' id='word_1_261' title='bbox 1009 4079 1199 4160; x_wconf 81' lang='lat' dir='ltr'><em>legerentur</em></span> <span class='ocrx_word' id='word_1_262' title='bbox 1228 4079 1276 4144; x_wconf 86' lang='lat' dir='ltr'><em>sic</em></span> <span class='ocrx_word' id='word_1_263' title='bbox 1311 4077 1490 4161; x_wconf 89' lang='lat' dir='ltr'><em>interpres</em></span> 
     </span>
     <span class='ocr_line' id='line_1_34' title="bbox 299 4184 1605 4266; baseline -0.002 -12"><span class='ocrx_word' id='word_1_264' title='bbox 299 4189 471 4254; x_wconf 88' lang='lat' dir='ltr'><em>Bobiensis</em></span> <span class='ocrx_word' id='word_1_265' title='bbox 496 4184 766 4253; x_wconf 86' lang='lat' dir='ltr'><em>declamationem</em></span> <span class='ocrx_word' id='word_1_266' title='bbox 798 4185 836 4253; x_wconf 83' lang='lat' dir='ltr'><em>Si</em></span> <span class='ocrx_word' id='word_1_267' title='bbox 859 4209 928 4252; x_wconf 91' lang='lat' dir='ltr'><em>eum</em></span> <span class='ocrx_word' id='word_1_268' title='bbox 951 4187 993 4252; x_wconf 89' lang='lat' dir='ltr'><em>P.</em></span> <span class='ocrx_word' id='word_1_269' title='bbox 1031 4185 1164 4252; x_wconf 85' lang='lat' dir='ltr'><em>Cloelius</em></span> <span class='ocrx_word' id='word_1_270' title='bbox 1192 4186 1312 4266; x_wconf 85' lang='lat' dir='ltr'><em>lepibus</em></span> <span class='ocrx_word' id='word_1_271' title='bbox 1347 4188 1492 4252; x_wconf 87' lang='lat' dir='ltr'><em>iuterro-</em></span> <span class='ocrx_word' id='word_1_272' title='bbox 1604 4185 1605 4266; x_wconf 72' lang='lat' dir='ltr'><em>l</em></span> 
     </span>
    </p>
   </div>
   <div class='ocr_carea' id='block_1_4' title="bbox 372 4379 1253 4543">
    <p class='ocr_par' dir='ltr' id='par_1_5' title="bbox 372 4379 1253 4543">
     <span class='ocr_line' id='line_1_35' title="bbox 372 4379 1253 4450; baseline -0.003 -14"><span class='ocrx_word' id='word_1_273' title='bbox 372 4383 405 4450; x_wconf 83' lang='lat'><em>¹⁴)</em></span> <span class='ocrx_word' id='word_1_274' title='bbox 424 4385 505 4438; x_wconf 85' lang='lat' dir='ltr'><em>etiam</em></span> <span class='ocrx_word' id='word_1_275' title='bbox 524 4382 654 4435; x_wconf 86' lang='lat' dir='ltr'><em>Asconius</em></span> <span class='ocrx_word' id='word_1_276' title='bbox 673 4383 794 4436; x_wconf 85' lang='lat' dir='ltr'><em>Caesaris</em></span> <span class='ocrx_word' id='word_1_277' title='bbox 813 4382 967 4450; x_wconf 81' lang='lat' dir='ltr'><em>tragoedias,</em></span> <span class='ocrx_word' id='word_1_278' title='bbox 987 4381 1068 4448; x_wconf 90' lang='lat' dir='ltr'><em>Accii,</em></span> <span class='ocrx_word' id='word_1_279' title='bbox 1088 4379 1163 4436; x_wconf 82' lang='lat' dir='ltr'><em>Calvi</em></span> <span class='ocrx_word' id='word_1_280' title='bbox 1182 4379 1253 4448; x_wconf 85' lang='lat' dir='ltr'><em>legit.</em></span> 
     </span>
     <span class='ocr_line' id='line_1_36' title="bbox 373 4471 1096 4543; baseline 0 -17"><span class='ocrx_word' id='word_1_281' title='bbox 373 4471 404 4540; x_wconf 75' lang='lat'><em>¹⁶)</em></span> <span class='ocrx_word' id='word_1_282' title='bbox 424 4471 523 4540; x_wconf 58' lang='lat'>25137:</span> <span class='ocrx_word' id='word_1_283' title='bbox 537 4481 633 4543; x_wconf 83' lang='lat' dir='ltr'><em>forsan</em></span> <span class='ocrx_word' id='word_1_284' title='bbox 651 4483 676 4522; x_wconf 85' lang='lat' dir='ltr'><em>et</em></span> <span class='ocrx_word' id='word_1_285' title='bbox 690 4475 748 4522; x_wconf 86' lang='lat' dir='ltr'><em>baec</em></span> <span class='ocrx_word' id='word_1_286' title='bbox 766 4475 824 4522; x_wconf 88' lang='lat' dir='ltr'><em>olim</em></span> <span class='ocrx_word' id='word_1_287' title='bbox 839 4474 975 4523; x_wconf 82' lang='lat' dir='ltr'><em>meminisse</em></span> <span class='ocrx_word' id='word_1_288' title='bbox 993 4474 1096 4525; x_wconf 84' lang='lat' dir='ltr'><em>iuvabit.</em></span> 
     </span>
    </p>
   </div>
   <div class='ocr_carea' id='block_1_5' title="bbox 1597 5037 1602 5214">
    <p class='ocr_par' dir='ltr' id='par_1_6' title="bbox 1597 5037 1602 5214">
     <span class='ocr_line' id='line_1_37' title="bbox 1597 5037 1602 5214; baseline 0 0"><span class='ocrx_word' id='word_1_289' title='bbox 1597 5037 1602 5214; x_wconf 80' lang='lat' dir='ltr'><em>l</em></span> 
     </span>
    </p>
   </div>
   <div class='ocr_carea' id='block_1_6' title="bbox 0 0 1628 5254">
    <p class='ocr_par' dir='ltr' id='par_1_7' title="bbox 0 0 1628 5254">
     <span class='ocr_line' id='line_1_38' title="bbox 0 0 1628 5254; baseline 0 0"><span class='ocrx_word' id='word_1_290' title='bbox 0 0 1628 5254; x_wconf 95' lang='lat' dir='ltr'><em> </em></span> 
     </span>
    </p>
   </div>
  </div>
 </body>
</html>
