3230 5254
710 395 755 460 43

628 488 841 496 --———

144 594 230 660 euim
261 591 293 658 in
326 591 658 674 interpretationibus
692 590 769 659 filiis
805 590 974 658 historiam
1010 592 1084 660 aevi
1108 589 1321 668 Ciceroniani,

144 716 188 766 ne
212 719 276 766 uno
303 699 436 780 quidem
460 702 562 766 verho
588 697 831 782 grammaticam
861 697 1103 764 rhetoricamve
1133 695 1324 779 explicatio-

145 825 220 874 nem
238 808 426 872 orationum
443 805 566 888 attigit.
601 805 755 886 Sequitur
772 823 845 871 eum
863 803 1062 871 scholastica
1082 805 1322 886 interpretatio,

145 914 180 980 in
225 933 290 995 qua
331 913 453 996 primos
488 913 590 980 fuisse
630 911 882 986 commentarios
914 910 1094 978 simillimos
1126 909 1322 993 Asconiano,

147 1019 278 1087 scilicet
302 1019 385 1085 nihil
409 1019 481 1085 fore
505 1019 570 1085 nisi
593 1019 780 1100 historicos,
812 1019 844 1084 in
869 1018 1040 1100 propatulo
1066 1025 1134 1084 est:
1166 1036 1184 1083 e
1209 1016 1324 1097 quibus

147 1134 259 1194 tamen
299 1127 421 1193 nullum
460 1134 619 1194 tenemus.
683 1126 940 1192 Grammaticum
988 1124 1160 1207 scripsisse
1206 1122 1324 1190 scimus

146 1235 302 1300 Flavium
327 1233 477 1315 Capram.
525 1233 640 1314 Neque
658 1231 744 1298 euim
769 1251 841 1298 cum
859 1230 991 1298 Osanno
1017 1230 1096 1315 (ind.
1121 1231 1198 1298 lect.
1216 1230 1322 1298 Giess.

148 1339 260 1426 1849.)
290 1339 482 1423 negaverim
507 1341 612 1408 verba
628 1338 784 1418 Agroecii
808 1338 958 1424 (gramm.
983 1339 1055 1404 latt.
1088 1336 1165 1421 Vll,
1193 1336 1323 1422 113,11):

148 1448 285 1535 (Caper)
310 1446 420 1513 antitis
443 1449 623 1513 litterarum
645 1447 792 1529 operibns
816 1447 997 1529 celebratas,
1029 1448 1065 1510 c're
1087 1444 1325 1512 commentando

147 1560 245 1624 etiarn
270 1553 419 1621 Cicerone
437 1557 634 1636 praeceperas
654 1571 774 1620 revera
797 1553 841 1618 ad
858 1551 1126 1620 commentarium
1149 1549 1324 1631 respicere.

149 1665 222 1729 Iam
258 1662 424 1728 rhetorica
464 1660 637 1742 explicatio
679 1661 846 1726 successit.
898 1659 1042 1725 Secundi
1078 1658 1163 1723 enim
1203 1657 1325 1722 saeculi

150 1769 296 1836 homines
331 1769 481 1837 videmus
517 1769 629 1836 verbis
654 1767 697 1833 M.
723 1767 822 1834 Tullii
858 1768 901 1832 ad
935 1766 1122 1833 rhetoricae
1146 1763 1227 1830 artis
1251 1783 1325 1830 uor-

152 1895 235 1942 mam
260 1876 523 1956 interpretandis
547 1893 679 1956 operam
704 1874 845 1940 dedisse.
893 1875 970 1956 Ipse
986 1873 1111 1938 Fronto
1135 1872 1169 1935 in
1186 1871 1327 1953 epistula

151 1986 196 2069 (p.
222 1980 288 2048 190
312 1983 407 2067 Nah.)
437 1984 482 2048 ad
505 1982 714 2048 Volumnium
738 1981 943 2064 Quadratum
973 1978 1073 2046 missa
1101 1977 1264 2060 promittit
1291 1995 1326 2044 se

149 2091 183 2156 ei
207 2089 423 2157 Ciceroniana
448 2090 634 2171 emendata,
671 2086 841 2170 distincta,
878 2088 1035 2153 adnotata
1063 2107 1083 2150 a
1112 2104 1147 2152 se
1177 2085 1248 2167 ipso
1272 2086 1326 2149 da·

149 2207 271 2276 turum,
299 2214 382 2277 quae
406 2199 442 2261 in
465 2197 585 2278 vulgus
609 2196 706 2262 edere
731 2195 821 2260 nolit.
1325 2259 1327 2262 .

242 2304 417 2368 Vetustius
440 2303 543 2386 igitur
567 2313 620 2368 est
642 2303 675 2368 in
697 2301 940 2368 commentariis
958 2300 1179 2368 Ciceronianis
1196 2300 1327 2364 histori-
1397 2342 1401 2350 -

150 2430 226 2476 cum
251 2430 354 2492 genus
379 2412 555 2493 rhetorico;
588 2393 899 2476 Bobiensis‘autem
925 2409 1176 2474 commentarius
1205 2416 1327 2471 utrum-

151 2536 216 2598 que
252 2517 432 2599 coniungit.
482 2514 622 2598 Qualem
650 2515 908 2582 coniunctionem
944 2533 1014 2579 cum
1043 2512 1142 2580 facile
1167 2513 1326 2593 quispiam

151 2627 333 2690 contendat
354 2625 571 2690 recentiorem
594 2623 703 2690 videri
727 2642 824 2703 quam
848 2640 951 2704 genus
967 2621 1174 2702 rhetoricum,
1199 2618 1328 2700 inipso

149 2731 310 2799 Bobiensi
344 2733 543 2797 contrarium
581 2731 713 2797 evenire
748 2729 967 2795 demonstrari
1002 2733 1120 2809 potest.
1168 2727 1327 2792 Nimirum

151 2838 296 2914 sirecte
322 2837 490 2920 disputata
525 2845 611 2916 sunt,
648 2854 733 2924 quae
767 2835 929 2920 inprime
966 2835 1075 2916 capite
1109 2835 1327 2915 exposuimus,

151 2945 290 3029 scholia,
327 2963 411 3026 quae
447 2952 563 3010 extant
586 2946 675 3027 apud
703 2943 861 3008 Orellium
896 2961 994 3024 pagg.
1019 2938 1123 3018 4022,
1145 2977 1190 2986 —
1213 2939 1327 3023 eosq,

153 3061 296 3134 exerpta
322 3060 397 3119 sunt
422 3049 462 3116 ex
485 3053 565 3134 ipsis
582 3051 808 3116 Bobiensibus.
855 3049 896 3114 In
919 3049 985 3114 illis
1008 3047 1167 3114 rationem
1192 3048 1330 3129 posteri.

152 3162 222 3226 oris
258 3161 413 3240 temporis
450 3157 691 3240 cognoscimus:
730 3155 890 3222 historica
928 3154 1159 3236 interpretatio
1199 3153 1328 3220 omnino

151 3268 309 3349 neglecta
322 3274 383 3348 est,
398 3265 631 3331 adnotationes
644 3263 891 3330 adrhetoricam
904 3270 1034 3328 tautum
1047 3267 1207 3342 spectant.
1218 3260 1328 3326 ''Pene-

153 3393 226 3442 mus
249 3373 352 3456 igitur
369 3373 634 3439 commentarium
652 3371 845 3437 historicum
862 3368 1072 3445 rhetoricum,
1098 3366 1187 3432 cuius
1201 3372 1328 3449 partem

153 3481 348 3548 historicam
366 3486 603 3546 commentator
618 3479 784 3544 recentior
800 3477 919 3557 aliquis
932 3475 1062 3541 decidit.
1108 3475 1177 3540 lam
1191 3476 1329 3554 adquae

156 3603 307 3671 tempora
330 3587 386 3654 ille
409 3586 604 3652 referendus
628 3587 673 3651 sit
696 3597 733 3652 ut
758 3594 986 3667 cognoscatur,
1016 3581 1138 3648 certior
1161 3580 1250 3647 nulla
1273 3581 1330 3647 via

156 3705 272 3779 patere
295 3695 437 3773 videtur,
463 3693 527 3759 nisi
555 3701 592 3758 ut
619 3695 725 3775 ipsam
755 3691 948 3758 rhetoricam
981 3691 1051 3755 eius
1075 3697 1180 3754 artem
1204 3688 1330 3770 perqui-

156 3821 277 3868 ramus.
323 3804 400 3884 Ipse
424 3800 511 3867 enirn
535 3798 715 3865 scholiasta
738 3796 830 3881 287,3
852 3799 891 3864 de
915 3798 997 3863 artis
1021 3797 1186 3862 oratoriae
1202 3794 1331 3878 legibus

158 3909 208 3973 ita
238 3909 402 3990 disseruit,
435 3919 472 3974 ut
504 3906 626 3972 certius
657 3907 697 3972 de
728 3908 791 3972 hac
815 3905 941 3986 aliquid
966 3903 1129 3985 expiscari
1152 3921 1211 3968 nos
1235 3921 1331 3984 posse

157 4014 334 4082 'verisimile
366 4015 417 4080 sit.
464 4014 517 4080 lbi
548 4014 609 4079 hoc
636 4013 788 4096 legimus:
814 4061 821 4078 .
847 4061 855 4078 .
883 4065 889 4079 .
916 4013 1068 4076 diducens
1099 4013 1135 4074 in
1165 4017 1331 4092 atramque

149 4145 325 4208 personam
359 4124 596 4189 coniecturalem
632 4123 906 4206 disceptationem
936 4141 1016 4202 quoe
1039 4117 1199 4184 dividetur
1224 4138 1330 4183 secarc-

155 4239 233 4304 dem
262 4238 344 4300 eriis
378 4236 538 4300 oratoriae
573 4234 670 4316 legera
701 4233 776 4298 locis
807 4232 980 4315 duplicatis
1014 4231 1072 4294 ἀπὸ
1097 4229 1273 4316 βουλήσεως
1295 4230 1332 4293 id

156 4349 204 4409 cst
228 4342 467 4408 6616616116-
494 4377 535 4386 -
560 4338 707 4425 (lacuna)
731 4341 899 4422 facultatis
923 4384 1063 4403 .....

249 4448 300 4512 116
323 4455 471 4528 tempore
495 4454 604 4512 autem
628 4445 711 4510 artis
743 4462 838 4524 quarn
864 4452 997 4508 secutus
1028 4442 1082 4527 sit,
1113 4441 1260 4522 quaestio
1284 4441 1332 4508 ita
