3230 5254
848 386 890 470 ra

284 588 422 665 Verrem
446 597 607 668 actionem
631 598 752 682 respici
778 600 908 666 dubium
933 597 1054 666 nemini
1080 614 1151 665 esse
1175 589 1278 681 possit
1302 603 1336 665 et
1355 589 1456 682 Quin-

283 705 417 773 tilianus
434 705 507 794 (XI,
525 705 599 791 aa)
618 705 738 790 aliique
755 714 905 796 auctores
922 708 961 772 de
977 709 1115 774 secanda
1132 710 1334 774 accusatione
1351 709 1456 774 verba

283 813 417 898 iaciunt,
450 814 627 882 editionem
651 821 759 883 tamen
786 817 999 881 verrinarum
1025 813 1199 904 separatim
1225 814 1348 880 factam
1374 816 1458 883 exti-

284 920 374 1007 tisse,
398 922 432 988 in
456 941 521 1004 qua
544 922 702 991 divinatio
720 921 840 988 lidori
850 923 1017 1004 appellata
1040 921 1083 988 sit
1107 928 1140 987 et
1163 941 1247 1003 quae
1276 931 1458 1004 sequuntur

284 1029 448 1098 orationes
471 1028 614 1096 numeris
630 1029 778 1095 lI-VH
795 1030 947 1112 signatae
964 1030 1038 1113 sint,
1056 1029 1197 1096 dilucide
1214 1032 1461 1098 demonstratur

283 1137 394 1204 verbis
419 1136 640 1219 exemplisque
665 1135 998 1221 grammaticorumi)

373 1243 584 1312 Catilinarias
601 1244 719 1310 deinde
736 1263 798 1310 uno
816 1263 951 1328 corpore
969 1245 1160 1312 coniunctas
1174 1263 1245 1310 esse
1262 1245 1459 1328 praesertim

285 1371 323 1420 eo
347 1353 466 1428 elucet,
502 1351 586 1434 qnod
610 1351 800 1433 saepissime
825 1353 865 1418 ab
890 1352 1080 1418 auctoribus
1105 1351 1201 1418 titulo
1226 1353 1386 1419 communi
1411 1358 1460 1422 in-

283 1463 474 1528 neciinararn
497 1459 714 1552 appellantur,
740 1461 831 1526 cuius
857 1458 942 1525 aliae
967 1467 1001 1524 ut
1017 1457 1196 1526 Pisoniana
1216 1461 1370 1543 spuriave
1388 1461 1458 1529 Sal-

283 1567 427 1636 lustiana
442 1565 616 1649 participes
633 1584 696 1632 non
714 1577 800 1632 sunt.
840 1565 1012 1634 Diomedes
1029 1564 1176 1652 (gramm.
1198 1568 1273 1634 latt.
1291 1568 1317 1650 Ι,
1336 1567 1453 1654 330,1)‚

284 1673 566 1757 Pseudo-Sergius
582 1673 616 1738 in
629 1673 857 1756 explanatione
872 1674 906 1739 in
919 1676 1083 1740 Donatum
1097 1673 1157 1759 (gr.
1172 1675 1243 1741 latt.
1257 1677 1314 1752 IV,
1329 1675 1454 1762 didm).

288 1784 407 1849 Audax
431 1777 991 1868 (ibid.Vli‚354,27),1Augustinus
1016 1780 1071 1866 (de
1096 1780 1158 1847 civ.
1185 1781 1236 1846 dei
1261 1781 1323 1866 ΙΙΙ,
1345 1782 1384 1846 15
1401 1786 1452 1850 ed.

285 1889 421 1975 Migne)‚
447 1893 571 1970 auctor,
597 1886 653 1968 qui
675 1891 845 1954 schemata
870 1888 1025 1954 diauoeas
1042 1888 1174 1972 scripsit
1190 1889 1303 1974 (rhett.
1320 1889 1384 1956 latt.
1399 1891 1448 1955 ed.

285 1997 383 2063 Halm
408 2017 438 2078 p.
464 1993 567 2078 nup),
592 2014 653 2061 nec
673 2014 738 2060 nron
754 1996 944 2062 Priscianus
968 1997 1088 2076 ubique
1113 1995 1258 2082 (gramm.
1275 1997 1347 2064 latt.
1366 1997 1404 2078 ΙΙ,
1421 1997 1448 2080 3,

287 2107 407 2188 passim
433 2110 467 2168 et
489 2104 588 2168 rhett.
614 2103 686 2168 latt.
712 2099 819 2188 558‚2)
843 2103 905 2167 hac
929 2102 1167 2185 significatione
1191 2110 1336 2170 utuntur.

376 2228 524 2294 Tertium
548 2232 600 2292 est
624 2246 740 2309 corpus
765 2227 948 2293 orationum
973 2247 1030 2310 pro
1048 2227 1213 2311 Marcello,
1238 2250 1296 2312 pro
1313 2230 1459 2314 Ligario,

181 2407 183 2413 ,
286 2358 344 2421 pro
369 2335 525 2402 Deiotaro
551 2335 748 2402 habitarum.
795 2335 866 2400 Has
899 2355 964 2400 una
1000 2337 1350 2420 syllogeconiunotas
1386 2358 1460 2406 esse

286 2450 440 2526 quattuor
475 2445 555 2510 locis
591 2445 849 2525 demonstratur,
886 2442 1000 2525 quibus
1034 2445 1077 2509 ad
1110 2446 1212 2510 verba
1236 2446 1278 2510 Μ.
1302 2445 1404 2512 Tullii
1428 2451 1464 2512 in

289 2551 498 2620 Caesarianis
521 2570 729 2619 revocamur:
765 2551 878 2617 horum
908 2552 969 2618 duo
1002 2559 1078 2618 sunt
1110 2553 1198 2634 apud
1221 2553 1372 2621 Seruium
1407 2555 1464 2640 (ad
1570 2533 1571 2554 ἰ

288 2662 370 2726 Aen.
395 2661 433 2736 V,
461 2656 523 2724 187
548 2665 581 2725 et
604 2659 665 2740 XI,
690 2656 789 2745 438):

379 2767 465 2848 „Iao
490 2767 612 2832 acrnnio
638 2773 730 2850 aiqne
756 2770 914 2833 imitatore
943 2769 1122 2833 sindiornrn
1155 2771 1313 2833 rneornna“
1351 2769 1466 2836 Cicero

287 2878 323 2939 in
349 2874 554 2941 Caesarianis
578 2873 626 2958 (=
643 2893 701 2954 pro
718 2873 875 2939 Marcello
900 2873 925 2955 Ι,
951 2873 995 2960 2).
1044 2874 1152 2941 Cicero
1176 2878 1211 2940 r'n
1237 2875 1466 2943 Caesarianis:

291 2983 418 3064 „Tanto
455 2983 508 3047 ilie
544 2984 724 3062 superiores
761 2984 880 3047 uicerat
917 2983 1039 3065 picria,
1089 2987 1205 3065 pannio
1245 2990 1279 3048 ia
1317 2987 1466 3051 omnibns

282 3090 508 3171 praestitisti.“
557 3086 603 3172 (=
628 3107 685 3170 pro
709 3087 817 3154 Deiot.
842 3089 900 3171 lV,
927 3089 991 3174 12).

376 3193 505 3278 Singuli
542 3195 629 3278 apud
663 3196 805 3260 Probum
845 3195 995 3282 (gramm.
1033 3198 1102 3262 latt.
1139 3197 1195 3276 lV,
1231 3194 1325 3282 aaa)
1362 3199 1463 3265 Noni·

288 3320 406 3384 umque
432 3301 519 3386 (pag.
545 3301 652 3388 carp)
675 3307 808 3369 extant:

378 3410 519 3492 „Hieros
536 3416 564 3476 ei
579 3411 785 3480 Blaesoncins
801 3417 829 3478 et
845 3412 1042 3479 Antioohns“
1073 3413 1179 3480 Cicero
1199 3417 1235 3478 in
1254 3414 1464 3482 Caesarianis

288 3518 336 3600 (=
361 3536 419 3598 pro
443 3516 552 3583 Deiot.
578 3518 652 3596 XV,
677 3516 743 3602 41).

378 3624 428 3688 M.
458 3624 583 3689 Tullius
605 3628 641 3690 r'n
669 3624 893 3692 Caesarianis:
916 3629 1038 3710 „Quasi
1061 3628 1197 3709 quadarn
1221 3632 1344 3695 aorrrnlo
1369 3637 1462 3714 aiano

287 3732 448 3796 incitatore
471 3733 650 3798 sindiornna
673 3739 702 3797 ei
726 3734 869 3800 labornrn
896 3757 1036 3801 mcorrnn
1066 3743 1094 3802 ei
1127 3739 1238 3802 carniie
1268 3740 1459 3803 abstracto.“

288 3836 333 3917 (=
359 3857 416 3918 pro
440 3837 543 3904 Marc.
569 3839 595 3917 Ι,
622 3839 663 3920 2).

377 3943 593 4026 Apertissime
630 3951 739 4010 autem
773 3949 813 4012 de
844 3946 1035 4030 Philippicis
1071 3949 1178 4014 edocti
1215 3969 1324 4017 surmus
1360 3973 1463 4020 versu

287 4049 454 4117 Iuvenalis
478 4050 553 4137 (sat.
579 4051 622 4136 X,
650 4051 712 4116 124
736 4057 836 4137 sqq.):

869 4164 1024 4229 Ridenrla
1046 4150 1193 4245 paernala
1216 4168 1299 4232 ncaio

287 4478 332 4530 pro
352 4463 406 4519 lll:
426 4463 479 4515 Vll
494 4495 525 4502 -
547 4463 621 4528 Quae
636 4464 780 4518 Muellerus
795 4467 827 4518 de
841 4463 898 4518 aliis
911 4467 1068 4519 editionibus
1083 4469 1144 4521 dicit
1158 4469 1235 4538 plane
1250 4485 1377 4536 perversa
1392 4477 1465 4532 sunt.

1516 4719 1519 4726 ¹

376 4373 396 4440 ⁹)
416 4373 510 4442 Itaque
529 4375 597 4442 apud
617 4373 733 4427 Nonium
753 4391 810 4444 pag.
831 4376 901 4442 sapa
919 4393 965 4444 pro
978 4377 1010 4432 V.
1031 4382 1071 4431 est
1091 4377 1465 4453 se1·ibendumVl.p.141‚15
1561 4427 1562 4438 2
