3230 5254
732 413 945 512 ...All-

250 606 368 694 233,27.
384 605 488 686 2426.
506 607 607 690 264,3.
624 603 742 685 269,17.
755 607 860 687 324‚4.
876 605 1426 689 —262‚2g.316,23.ipseproditin

250 714 383 781 scholiis
406 719 573 780 narratam
598 726 632 780 et
654 721 734 781 ante
756 713 971 781 Miloniauam
995 713 1135 795 positam
1160 713 1261 779 fnisse
1284 712 1424 795 putavit.

250 820 378 888 Deinde
401 820 610 902 Geumitzips
633 839 690 886 suo
713 820 785 886 iure
808 822 969 887 Verriuas
1004 819 1093 903 (vide
1127 837 1227 902 supra
1262 839 1338 904 pag.
1374 817 1422 903 7.)

250 928 373 996 adiecit
394 931 522 994 incerto
546 934 667 1010 tamen,
694 945 757 1008 quo
782 926 907 1009 positae
924 926 1058 1010 fuerint,
1082 927 1163 994 loco.
1189 927 1312 994 Eodem
1330 927 1425 994 modo

250 1034 462 1117 Schillingius
495 1036 733 1101 demonstravit
768 1033 874 1101 tribus
902 1033 998 1100 locis:
1034 1030 1151 1116 uaeas
1183 1031 1287 1115 301‚⁵.
1319 1033 1423 1115 auus.

250 1142 457 1209 scholiastam
481 1141 523 1207 ad
548 1142 728 1207 orationem
752 1141 902 1206 dedomo
927 1140 1092 1223 respicere
1117 1159 1306 1222 aequasse
1322 1140 1423 1223 expli·

251 1258 370 1316 catam.
417 1247 693 1330 Adstipulaudum
717 1246 892 1329 igiturest
916 1246 1102 1314 sententiae
1125 1246 1191 1314 viri
1215 1247 1304 1314 docti
1318 1249 1353 1314 in
1369 1267 1424 1332 pa·

251 1355 418 1437 limpsesto
442 1355 518 1420 illas
541 1353 707 1422 orationes
732 1354 869 1421 omissas
893 1372 966 1421 esse
989 1373 1010 1419 a
1031 1352 1177 1420 librario.

318 1461 451 1543 ¹Neque
473 1480 553 1529 vero
578 1461 750 1543 quicquam
775 1462 826 1528 his
849 1460 1052 1528 orationibus
1068 1458 1214 1545 insertis
1238 1460 1424 1544 proficimus

249 1570 291 1636 ad
321 1568 469 1636 ordinem
500 1567 641 1650 aliquem
671 1567 707 1634 in
746 1569 988 1635 commentariis
1025 1567 1303 1636 constituendum.
1357 1569 1430 1636 Sed,

251 1694 322 1742 oum
345 1675 515 1743 videamus
531 1674 681 1756 'quinque
698 1676 821 1757 primas
845 1675 1011 1742 orationes
1034 1671 1164 1741 ratione
1187 1675 1343 1758 temporis
1367 1677 1425 1744 ha·

249 1783 319 1849 bita
343 1782 522 1865 dispositas
538 1801 619 1865 esse,
643 1780 829 1848 necessario
846 1781 987 1865 suspicio
1005 1781 1108 1848 oritur
1125 1780 1224 1848 etiam
1241 1790 1427 1850 ceterarum

249 1891 336 1956 huuc
363 1889 511 1956 ordinem
542 1889 618 1955 olim
648 1887 761 1955 fuisse.
816 1889 894 1954 Cum
926 1889 989 1955 hoc
1017 1888 1179 1972 congruit,
1211 1890 1297 1970 quod
1327 1889 1430 1956 initio·

248 1996 434 2078 argumenti
456 1998 500 2061 ad
515 1995 729 2062 Plancianum
753 1994 869 2078 scripti
895 1996 975 2062 dicit
999 1995 1176 2062 scholiasta
1199 1997 1424 2084 hauccto'om1)

248 2103 429 2170 orationem
452 2102 601 2169 habitam
625 2121 698 2170 esse
721 2103 761 2168 L.
797 2103 949 2169 Domitio.
975 2105 1057 2185 App.
1082 2102 1217 2170 Claudio
1242 2122 1324 2170 coss.
1364 2108 1424 2170 At·

249 2228 312 2292 que
351 2216 443 2276 extat
479 2210 569 2276 locus
597 2209 629 2275 in
660 2208 868 2291 praefatione
904 2209 1129 2276 commentarii
1163 2211 1207 2276 ad
1242 2211 1423 2278 orationem

248 2324 324 2400 post
358 2317 499 2383 reditum
521 2316 556 2382 in
580 2325 697 2384 senatu
722 2317 902 2400 compositi,
934 2336 995 2398 quo
1020 2327 1114 2384 extra
1145 2336 1273 2383 omnem
1296 2317 1423 2386 dubita·

248 2422 348 2490 tionis
380 2425 485 2491 aleam
513 2423 646 2506 ponitur
673 2423 767 2490 initio
803 2425 933 2504 quidem
968 2443 1088 2491 revera
1121 2425 1299 2491 secuudum
1331 2423 1423 2490 illum

251 2530 399 2598 ordinem
413 2535 664 2598 commentarios
677 2531 852 2613 dispositos
865 2549 948 2598 esse.
973 2532 1025 2598 Ibi
1037 2531 1214 2597 enimhaec
1222 2532 1423 2598 invenimus:

344 2636 547 2726 orottodom
579 2636 668 2726 ordo]
704 2637 942 2725 Talldoauruoa
970 2661 991 2704 α
1013 2641 1103 2704 roobia
1132 2641 1276 2721 profecto
1298 2635 1423 2724 posltu-

251 2745 373 2832 lobal‚²)
396 2752 433 2811 al
453 2747 674 2830 praecederetis
697 2749 919 2812 commentario
943 2767 1013 2811 eom
1032 2747 1251 2827 addiceremus,
1276 2767 1355 2828 quoe
1375 2748 1425 2812 ia·

131 2918 133 2922 ,
251 2855 415 2918 scribitur:
440 2853 502 2938 „St
517 2874 587 2918 eum
605 2851 645 2918 P.
662 2851 794 2917 Clodius
810 2853 931 2936 lepidos
946 2853 1212 2936 toaoopasset“;
1229 2874 1308 2935 quoe
1323 2855 1425 2918 oratio

250 2959 374 3025 uidetur
395 2964 466 3039 post
487 2965 618 3025 moriem
641 2960 861 3025 macroconto
884 2977 912 3023 e.
938 2977 967 3040 q.
992 2979 1018 3025 s,
1042 2969 1044 2974 ’

341 3065 466 3148 Quibus
496 3065 608 3131 verbis
638 3062 847 3131 manifestum
878 3065 916 3130 fit
942 3082 1005 3130 nou
1031 3064 1132 3130 solum
1160 3066 1321 3132 rationem
1345 3079 1425 3131 tem·

184 3177 189 3189 '
252 3173 390 3255 poris'a
418 3181 672 3239 commentatore
700 3172 848 3238 habitam
878 3191 959 3249 esse,
992 3173 1050 3238 sed
1080 3172 1182 3238 etiam
1212 3191 1284 3238 euru
1313 3191 1425 3239 omues

252 3278 418 3346 Ciceronis
442 3278 607 3345 orationes
630 3277 862 3344 commentario
879 3279 1093 3346 instruxisse:
1117 3297 1191 3345 uam
1217 3299 1323 3360 neque
1338 3278 1426 3344 iuter

251 3385 462 3453 Flaccianum
486 3393 520 3451 et
543 3385 788 3468 suppositiciam
812 3386 902 3452 illam
926 3386 1197 3452 declamationem
1215 3404 1320 3467 neque
1336 3385 1426 3451 inter

252 3492 336 3558 hanc
359 3501 391 3560 et
415 3494 581 3560 orationes
605 3501 678 3576 post
700 3493 840 3559 raditum
867 3495 933 3558 ulla
956 3500 1036 3559 uota
1061 3501 1135 3558 erat
1151 3512 1171 3558 a
1188 3494 1344 3560 cicerone
1366 3493 1423 3559 ha·

250 3599 330 3664 bita.
376 3600 492 3682 Itaque
524 3618 595 3665 oum
627 3609 660 3666 et
684 3601 905 3681 quaerendum
928 3599 972 3666 sit
996 3617 1037 3664 au
1060 3600 1127 3666 tale
1152 3618 1269 3681 corpus
1293 3599 1424 3666 omnino

252 3707 399 3773 extiterit
415 3716 448 3772 et
471 3726 533 3788 quo
557 3716 701 3788 tempore
719 3708 945 3790 pervulgatum
969 3709 1022 3791 sit,
1046 3706 1164 3785 omnia,
1183 3719 1272 3787 'quae
1291 3707 1332 3772 de
1349 3706 1425 3772 Tul·

250 3812 412 3880 lianarum
437 3813 636 3881 editionibus
658 3823 822 3896 comperta
837 3815 992 3880 habemus
1008 3814 1084 3880 iude
1101 3834 1120 3879 a
1138 3813 1305 3879 Ciceronis
1320 3813 1433 3895 ipsius,

252 3928 363 3987 aetate
386 3931 543 4003 repetam.
642 3933 678 3940 “’
926 3981 928 3988 ,
1090 3949 1091 3954 ’

266 4069 268 4076 -
340 4029 449 4108 Atque
480 4047 674 4109 quamquam
703 4027 832 4111 saepius
856 4028 900 4093 M.
925 4027 1050 4094 Tullius
1074 4026 1240 4095 orationes
1264 4046 1284 4092 a
1307 4046 1342 4093 se
1365 4027 1424 4092 hc·

251 4136 337 4201 bites
355 4143 597 4215 commemorat,
614 4142 726 4200 tamen
743 4133 911 4201 rarissime
928 4136 968 4202 de
985 4136 1083 4201 editis
1100 4135 1154 4201 vel
1171 4134 1306 4200 edendis
1319 4135 1424 4201 verba

342 4314 362 4382 l)
382 4315 520 4370 evincitur
547 4315 637 4384 igitur
666 4323 730 4368 aute
754 4315 824 4368 hauc
855 4315 937 4369 aliam
960 4313 1040 4368 huius
1070 4313 1134 4369 anui
1164 4313 1314 4383 orationem
1333 4311 1432 4386 ,expli-s

252 4414 342 4460 catam
362 4420 430 4460 esse.
845 4403 846 4408 ’
980 4387 983 4398 Ι
1332 4401 1336 4416 ’
1429 4407 1432 4414 “

341 4493 363 4562 ²)
383 4495 472 4550 Maius
490 4494 568 4550 uncia
586 4493 694 4549 inclusa
713 4494 857 4564 supple-vit.
