3230 5254
705 437 761 513 *49

156 640 267 716 Atque
285 636 425 699 eandem
442 632 591 698 videmus
608 631 877 698 consuetudinem
893 631 1083 698 Frontonis.
1131 632 1184 696 Ad
1200 638 1340 698 viimam

158 741 327 809 orationes
351 738 544 821 saepissime
561 741 609 832 ld.
624 739 792 804 Aurelium
809 739 953 822 1·elegat;
979 737 1114 805 Catonis
1130 738 1340 820 Gracchique

155 847 352 915 mentionem
377 849 410 912 iu
429 845 600 926 utriusque
624 845 774 928 epistulis
799 845 920 912 factam
944 845 1149 928 plurifariam
1174 845 1338 928 invenies,

156 973 316 1036 nusquam
350 951 501 1034 Vergilii.
550 951 635 1035 Quin
668 955 771 1020 etiam
807 959 874 1018 tum
906 954 1032 1020 demum
1065 952 1338 1020 declamationem

157 1067 282 1130 Fronto
317 1062 443 1142 laudat,
480 1059 508 1124 si
541 1060 628 1125 color
652 1059 860 1140 antiquitatis
883 1063 918 1126 in
942 1079 981 1127 ea
1005 1067 1160 1127 servatus
1184 1066 1243 1143 est,
1269 1065 1340 1126 tum

159 1171 287 1234 demum
314 1167 439 1232 hahere
479 1184 551 1231 eam
590 1167 750 1248 probandi
787 1167 853 1234 vim
894 1177 1016 1247 censet.
1053 1167 1081 1234 si
1111 1169 1153 1234 ad
1188 1174 1340 1238 veterum

160 1275 325 1358 exemplar
342 1273 481 1340 conficta
497 1271 764 1354 conformataque
778 1274 919 1341 videtur.
961 1274 1088 1342 Gellius
1104 1283 1215 1342 autem
1230 1294 1340 1356 quam-

161 1401 258 1462 quam
283 1381 380 1447 etiam
407 1378 589 1462 Vergilium
614 1379 723 1446 ubivis
749 1382 871 1462 laudat,
897 1391 1009 1448 tamen
1036 1380 1070 1448 in
1094 1383 1153 1449 hoc
1169 1391 1340 1450 consuetu·

163 1489 271 1555 dinem
309 1489 358 1554 sui
386 1486 510 1554 saeculi
534 1495 665 1554 secutus
690 1496 750 1570 est,
782 1489 866 1568 quod
892 1488 1039 1571 plurimis
1062 1489 1153 1572 locis,
1190 1509 1340 1572 praeser-

162 1596 222 1662 tim
247 1596 315 1675 eis,
352 1597 467 1676 quihus
491 1597 568 1676 quid
593 1597 728 1662 verbum
753 1597 919 1679 significet
944 1596 1107 1680 explicat,
1144 1599 1340 1664 coaequus

162 1703 351 1770 auctoribus
381 1702 532 1783 exempla
556 1699 665 1766 affert.
712 1702 765 1768 Ita
789 1703 937 1784 plurimis
961 1703 1041 1768 locis
1066 1703 1199 1770 Catonis
1223 1703 1340 1770 menti·

164 1829 253 1876 onem
277 1809 397 1875 infert:
423 1809 467 1890 ll,
494 1810 539 1890 dp
561 1812 603 1876 ad
627 1809 693 1876 vim
717 1809 810 1876 verbi
833 1810 979 1876 vexandi
1004 1810 1249 1892 explicandam
1273 1810 1338 1894 ΠΙ,

163 1915 243 2000 lips
267 1919 382 1984 habet:
421 1917 532 2001 (Cato)
571 1919 798 2001 „dimidiatum
832 1911 990 2000 dipitum“
1025 1940 1089 1984 noio
1128 1919 1337 1999 „dimidiam

160 2027 275 2112 (dicit).
323 2024 381 2101 IV,
410 2024 459 2088 12.
485 2026 562 2104 quid
587 2025 630 2090 sit
652 2028 830 2108 impolitius
847 2025 971 2091 Catone
988 2024 1170 2108 interprete
1186 2024 1339 2107 explicat.

161 2135 238 2216 XX,
266 2133 306 2198 11
345 2128 385 2196 de
420 2140 578 2214 sequestro
607 2136 750 2214 posituro
784 2131 916 2200 Catonis
947 2134 1053 2198 verba
1086 2132 1186 2198 addit.
1245 2132 1338 2214 Quid,

161 2243 247 2322 quod
272 2240 365 2319 XVI,
393 2241 461 2324 14‚2
495 2260 566 2308 cum
602 2240 788 2323 significare
823 2241 945 2323 vellet,
983 2241 1143 2320 quomodo
1169 2237 1339 2305 differrent

162 2349 251 2414 inter
274 2368 308 2414 se
324 2352 428 2418 verba
445 2351 644 2431 properandi
661 2357 694 2412 et
710 2347 899 2429 festinandi,
925 2349 1063 2412 eundem
1081 2346 1216 2413 Catonia
1233 2347 1338 2412 locum

168 2454 261 2522 affert
284 2465 383 2537 atque
408 2456 598 2522 scholiasta.

253 2599 400 2666 Vidimus
426 2597 653 2665 commentarii
677 2607 783 2662 artem
807 2597 1015 2679 rhetoricam,
1049 2584 1209 2662 rationem
1237 2595 1339 2662 iuter-

163 2706 326 2790 pretandi,
356 2719 508 2774 auctores
532 2708 687 2774 laudatos
710 2725 802 2772 usum
827 2705 964 2770 alterius
989 2712 1064 2786 post
1079 2704 1243 2770 Christum
1269 2722 1339 2768 sae-

162 2814 225 2880 culi
251 2821 410 2896 spectare.
456 2816 570 2895 Neque
595 2817 704 2896 etiam,
732 2814 817 2894 quod
842 2813 948 2878 Maius
972 2813 1018 2898 (p.
1043 2810 1108 2877 286
1133 2811 1222 2897 adn.)
1246 2819 1340 2892 putat

161 2922 353 3004 interpretis
384 2927 538 3004 aetatem,
572 2941 642 2989 cum
669 2921 856 2988 Ciceronem
888 2919 973 2986 inter
1002 2927 1134 2987 veteres
1158 2928 1338 2999 recenseat,

163 3031 263 3096 multo
288 3033 472 3110 sequiorem
497 3033 540 3097 Μ.
557 3024 657 3096 Tullii
681 3048 761 3110 esse,
786 3028 860 3094 huic
881 3032 1055 3111 repugnat.
1102 3027 1195 3092 Inter
1211 3033 1339 3093 veteres

162 3143 271 3202 autem
296 3150 447 3202 recenset
471 3137 647 3202 scholiasta
664 3156 735 3202 eum
753 3138 865 3218 atam,
891 3136 945 3202 uhi
962 3137 1004 3202 ad
1021 3134 1089 3201 eius
1106 3134 1339 3200 auctoritatem

161 3250 300 3310 revocat
322 3249 437 3308 veteres
462 3243 586 3308 dixisse
610 3249 696 3308 staro
720 3261 785 3324 eos
810 3247 863 3323 qui
887 3243 1037 3309 idoneam
1055 3261 1122 3306 rem
1141 3240 1337 3306 familiarem

162 3349 362 3415 habuissent.
405 3347 528 3430 ¹255mq·
560 3352 686 3416 cabum
717 3357 746 3415 et
778 3352 835 3416 hoc
867 3351 1006 3416 motabile
1039 3351 1123 3413 ictor
1147 3349 1222 3426 olio,
1260 3370 1340 3429 quoe

161 3464 237 3522 scoot
283 3457 371 3536 apud
415 3464 531 3523 oetmes
578 3459 707 3524 rariora
752 3460 952 3539 referendum
1000 3463 1053 3521 est.
1123 3452 1226 3535 ⁶286,2.
1262 3477 1339 3538 quos

160 3585 245 3631 auno
284 3563 378 3646 culpo
415 3565 571 3631 oralionus
618 3567 783 3630 dicimus.
812 3617 818 3628 .
843 3586 921 3630 .cos
957 3569 1072 3629 ueteres
1101 3616 1106 3627 .
1134 3613 1140 3626 .
1170 3563 1340 3628 ‚redamas

160 3671 314 3736 dicebaut.
390 3668 494 3750 aaa...
556 3681 727 3755 postquam
793 3669 943 3736 narravit
1008 3671 1188 3736 notabiliter
1251 3669 1338 3736 dice-

162 3794 275 3841 ronem
300 3779 386 3843 diuet
411 3779 547 3845 dixisse:
575 3780 788 3844 Iooeaiuatur
812 3785 917 3843 autem
942 3777 1031 3857 apoc
1052 3784 1169 3842 ueteres
1190 3777 1340 3860 pleraque

162 3881 353 3951 huiusmodi.
399 3885 439 3954 cf.
468 3884 581 3968 304228·
617 3885 765 3951 Clodium
783 3934 790 3949 .
810 3937 842 3950 ..
872 3884 1021 3968 neieresf)
1052 3884 1176 3950 litterae
1208 3885 1341 3949 traduat

162 3987 341 4054 studiosam
371 3995 472 4076 fcisse
495 3995 640 4059 saltandi
668 3995 840 4075 profusius
869 4014 964 4075 qoam
999 3999 1177 4058 matronam
1213 3993 1338 4057 deceret.

163 4094 236 4160 Hoc
266 4099 348 4162 emim
377 4103 579 4182 sipqificatur
606 4103 711 4179 uerbo,
745 4122 805 4182 quo
837 4102 884 4164 ait
915 4103 1043 4179 „omnio
1066 4101 1184 4164 sororis
1207 4099 1339 4164 autolio

242 4297 374 4304 ...ι-,ῃ

251 4418 272 4488 ⁴)
290 4417 333 4473 hic
352 4436 513 4488 quamquam
531 4430 602 4470 vetus
621 4419 761 4473 Sallustius
781 4423 833 4487 est,
858 4422 948 4472 tamen
971 4419 1143 4487 sequentibus
1167 4419 1245 4470 etiam
1265 4419 1338 4472 Cice-

159 4524 253 4565 ronem
273 4518 375 4560 veterem
394 4507 518 4576 appellari
538 4513 653 4577 apparet.

1142 4599 1158 4648 4
