3230 5254
860 402 903 468 34

381 597 426 663 ΙΙ.
451 617 508 682 pro
533 598 664 677 Milone,
690 618 748 682 pro
773 599 891 681 Sestio,
916 619 975 683 pro
1000 597 1143 666 Vatinio.

382 707 410 772 n
445 705 568 785 tribue,
606 723 690 786 quae
725 717 925 791 supersunt,
957 726 1017 791 pro
1051 705 1153 788 Sulla,
1185 705 1219 771 in
1247 705 1392 773 Clodium
1432 720 1474 772 et

294 812 477 890 Curionem,
503 813 544 877 de
569 830 648 893 rege
671 813 894 880 Alexandrino
925 813 988 879 hoc
1011 820 1138 880 tantum
1163 812 1376 897 comperimus
1400 812 1473 896 pri-

292 937 377 983 mam
401 919 442 984 ab
467 917 574 983 altera
599 919 706 1002 excipi
729 919 847 986 videri.

380 1026 551 1090 Accedunt
576 1026 626 1091 his
644 1029 812 1092 orationes
836 1025 869 1092 in
890 1029 1034 1108 Verrem,
1059 1047 1118 1111 pro
1135 1027 1282 1107 Murena,
1307 1028 1472 1092 dedom0.

380 1132 473 1198 Haec
504 1151 544 1197 cx
574 1131 686 1200 codiee
717 1133 909 1216 eliciuntnr;
941 1132 1133 1217 interpretis
1162 1135 1265 1203 verba
1297 1141 1472 1200 testentur

291 1245 366 1323 post
389 1239 616 1305 Murenianam
641 1240 864 1326 Milonianam,
890 1239 1084 1322 Sestianam,
1109 1240 1322 1306 Vatinianam
1343 1241 1468 1322 positas

292 1365 373 1412 esse.
419 1343 518 1428 283,2.
571 1348 636 1412 Hie
673 1348 715 1413 P.
756 1347 862 1429 Scipio
896 1348 1108 1427 Aemilianus,
1145 1353 1182 1411 mi
1219 1351 1255 1413 im
1288 1369 1468 1430 procmmae

291 1456 445 1518 orationis
473 1456 697 1520 commentario
732 1457 799 1519 ium
828 1456 951 1522 locotus
978 1477 1062 1537 emm,
1088 1509 1094 1520 .
1120 1508 1126 1520 .
1151 1504 1158 1519 .
1184 1455 1227 1520 ad
1250 1454 1465 1520 Murenianae

293 1568 391 1642 caput
414 1560 563 1626 XXXVI
588 1567 726 1642 spectat.

379 1667 481 1744 29231
516 1667 625 1733 Malta
654 1672 779 1753 quidem
812 1674 848 1735 im
883 1673 1037 1735 orationis
1060 1691 1157 1734 omrem
1173 1671 1463 1751 praetermittemus

292 1796 372 1857 qaue
388 1780 522 1855 propter
545 1777 789 1842 similitudimem
824 1798 940 1843 comsoe
974 1780 1009 1841 im
1044 1779 1267 1843 commentario
1289 1796 1460 1856 proxumae

289 1883 444 1946 orationis
467 1881 661 1946 ostendimus
683 1881 900 1948 Milonianam
923 1882 1067 1963 respicit.

380 1987 471 2068 320„
493 1987 546 2053 De
567 1989 623 2054 ltoe
647 1997 783 2072 tempore
807 1991 904 2056 locuti
925 2011 1037 2055 emmas
1059 1993 1256 2069 imorutiome,
1282 2011 1364 2071 quoe
1385 1990 1449 2053 lum

284 2095 449 2176 praeeedit
471 2096 514 2158 ad
538 2095 682 2163 scholion
707 2097 881 2163 Sestianae
906 2094 1011 2182 308,rc
1033 2096 1240 2166 referendum
1264 2104 1325 2166 est.

380 2201 497 2284 Quare,
523 2203 720 2268 eumalium
755 2204 904 2270 ordinem
940 2206 1123 2272 orationum
1158 2211 1330 2271 teneamus
1368 2211 1460 2282 atque

289 2326 384 2388 quem
401 2308 549 2374 olimt
494 2327 535 2374 ex
536 2309 643 2374 titisse
660 2309 922 2390 videramus,t
870 2332 906 2378 re
908 2318 1087 2379 tractatum
1104 2331 1178 2378 esse
1195 2309 1461 2378 commentarium

290 2416 461 2494 antiquum
484 2425 741 2481 consentancum
765 2426 824 2483 est.

379 2520 517 2604 Deinde,
544 2541 616 2588 cum
640 2523 674 2588 in
697 2523 753 2589 illo
778 2544 888 2593 omnes
919 2517 1084 2592 orationes
1115 2487 1204 2593 certo
1235 2524 1376 2591 sciamus
1406 2540 1459 2587 ex-

291 2629 429 2710 plicatas
453 2629 597 2709 luisses
589 2649 622 2694 ιιι
647 2651 695 2709 eo,
721 2632 811 2698 cuius
835 2642 912 2714 part
915 2653 949 2699 es
973 2643 1203 2711 nostenemus
1227 2642 1304 2712 quot
1327 2628 1459 2709 inerint,

289 2740 488 2820 ignoramus
529 2757 634 2819 neque
675 2739 721 2804 eis
761 2741 1038 2822 adnotationibus
1075 2743 1191 2822 quibus
1227 2739 1460 2822 praecedentes

289 2844 426 2926 respicit
448 2847 621 2927 interpres
646 2847 729 2912 satis
752 2850 796 2912 ad
819 2849 977 2914 ambitum
1001 2849 1104 2915 totius
1117 2849 1226 2931 operis
1243 2845 1461 2913 deliniendum

289 2951 493 3017 adiuvamur.
542 2951 659 3034 Quare,
697 2974 767 3020 cum
796 2963 885 3020 certe
920 2955 989 3020 Mai
1021 2955 1129 3037 opinio
1168 2955 1211 3074 (p.
1243 2952 1308 3019 283
1340 2950 1459 3034 admi)

290 3061 331 3124 de
363 3077 499 3140 corpore
523 3061 701 3124 secundum
725 3059 907 3128 litterarum
939 3063 1056 3127 seriem
1089 3061 1266 3127 constituto
1295 3060 1381 3126 falsa
1408 3057 1458 3139 sit,

290 3185 331 3231 ne
364 3167 403 3232 de
428 3165 561 3232 consilio
586 3166 746 3247 quidem
737 3175 787 3233 mt
789 3175 899 3254 erpret
901 3173 929 3236 is
953 3171 987 3237 in
1019 3169 1230 3254 disponendis
1260 3165 1459 3294 eligendisve

289 3271 491 3338 orationibus
515 3271 662 3338 iudicare
686 3293 866 3353 possumus.

291 3411 293 3418 v
379 3381 458 3458 lam,
489 3399 626 3460 quonam
655 3387 800 3466 etmpore
833 3383 885 3448 hie
911 3391 1071 3451 comment
1073 3384 1161 3449 arius
1187 3385 1331 3468 composi
1333 3390 1386 3448 tus
1408 3381 1458 3463 sit,

290 3486 355 3551 viri
393 3488 479 3552 docti
516 3489 726 3554 dissentiunt.
773 3491 856 3556 Nam
885 3499 919 3557 et
958 3511 1080 3574 genere
1120 3490 1247 3558 dicendi
1283 3500 1318 3556 et
1351 3489 1458 3557 verbis

290 3594 486 3659 scholiastae
510 3594 589 3677 ipsis
614 3595 647 3660 hi
663 3597 720 3676 lV,
745 3597 794 3662 illi
818 3598 847 3661 V
864 3598 1030 3664 saeculnm
1046 3598 1232 3682 significari
1251 3607 1455 3683 putaverunt

290 3701 502 3782 Schillingius
515 3702 615 3767 etiam
638 3703 672 3768 in
689 3705 930 3771 dissertationis
948 3714 1095 3772 extrema
1111 3713 1206 3790 parte
1231 3705 1274 3792 (p.
1289 3703 1346 3790 29)
1360 3709 1460 3773 verba

290 3806 431 3889 collegit,
450 3826 532 3886 quae
550 3809 736 3892 eipartim
760 3813 1045 3894 posteriorem,
1071 3813 1218 3897 partim
1243 3821 1458 3880 extremam

289 3914 449 3997 linguae
473 3913 628 3979 latinae
652 3924 825 3981 aetatem
843 3921 959 3984 testari
976 3919 1179 3985 viderentur.
1220 3920 1459 3999 Equidemnon

288 4021 409 4086 itaint
412 4039 447 4085 er
472 4041 507 4088 se
532 4020 644 4087 differe
673 4029 752 4107 puto
786 4033 863 4090 aue
865 4043 937 4090 ores
962 4026 1022 4091 HI.
1046 4026 1104 4092 IV.
1130 4029 1169 4094 V.
1193 4027 1326 4110 saeculi,
1362 4040 1397 4094 nt
1421 4031 1474 4094 de‘

291 4147 483 4210 unoquoque
512 4129 686 4196 diiudicari
718 4132 822 4214 possit
853 4151 894 4197 ex
923 4133 991 4198 solo
1020 4152 1142 4216 genere
1176 4136 1372 4219 dicendi,u
1352 4143 1460 4204 utrum

290 4236 350 4300 lroc
373 4254 415 4300 an
438 4235 495 4300 illo
519 4235 648 4303 saeculo
673 4237 804 4310 vixerit.

378 4344 501 4408 Tamen
525 4345 640 4423 negari
664 4363 729 4410 non
753 4353 864 4428 potest
887 4366 924 4412 eo
948 4348 1029 4430 loco,
1056 4367 1149 4430 quem
1166 4369 1275 4417 omnes
1292 4351 1355 4416 viri
1372 4352 1462 4420 docti

289 4450 364 4513 inde
389 4468 409 4513 a
433 4449 520 4515 Maio
545 4447 692 4528 afferunt,
725 4449 811 4530 256,3
840 4454 975 4520 multum
1005 4475 1025 4519 a
1050 4454 1218 4522 Ciceronis
1248 4464 1395 4542 tempore
1425 4479 1461 4525 se
