3230 5254
778 457 799 522 5

202 656 303 723 liasta
326 656 560 723 Gronovianus
573 671 637 721 uno
663 653 774 720 codice
791 652 959 737 Leidensi,
986 653 1027 720 de
1051 671 1114 734 quo
1131 653 1379 720 accuratissime

203 760 371 845 Stanglius
394 761 438 848 (p.
464 759 485 827 3
510 779 579 843 sqq.
598 759 640 826 cf.
664 780 692 842 p.
716 757 786 846 69.)
810 759 970 843 exposuit.
1017 759 1070 824 Ex
1088 757 1145 836 eis,
1174 778 1259 841 qnae
1275 759 1377 826 disse-

202 868 270 937 ruit
293 871 401 936 elucet
437 869 470 935 in
494 866 579 933 libro
610 867 832 950 manuscripto
867 867 1059 948 plerumque
1094 865 1209 932 ordine
1244 865 1377 934 confuso

202 975 328 1045 scholia
349 975 457 1042 inesse
480 974 522 1040 ad
542 973 790 1057 divinationem,
815 973 1032 1039 verrinarum
1048 972 1215 1038 actionem
1231 973 1378 1056 primam,

203 1085 346 1150 actionis
368 1083 405 1149 II
427 1081 546 1149 librum
569 1081 596 1160 I,
621 1081 742 1147 deinde
765 1081 809 1146 ad
833 1078 926 1159 olias,
951 1097 1036 1161 qnae
1052 1080 1117 1145 hnc
1132 1097 1196 1145 non
1212 1080 1379 1164 pertinent

205 1190 382 1258 orationes.
429 1189 504 1272 lpse
539 1187 639 1253 etiam
663 1186 905 1254 demonstravit
927 1185 1058 1253 minime
1093 1187 1149 1252 nni
1185 1186 1380 1256 scholiastae

205 1298 315 1363 omnia
335 1295 515 1363 tribuenda
537 1313 621 1374 esse,
647 1296 706 1361 sed
730 1293 964 1362 adnotationes
988 1293 1085 1376 plane
1108 1295 1196 1361 inter
1219 1312 1255 1360 se
1272 1293 1376 1360 diver·

204 1422 270 1486 eas,
294 1405 428 1485 quaein
444 1401 591 1486 margine
608 1401 758 1470 codicum
774 1400 919 1484 scriptae
929 1407 1034 1480 erant,
1058 1401 1119 1467 hoc
1133 1419 1194 1466 uno
1207 1401 1292 1467 libro
1305 1420 1379 1468 con-

204 1509 335 1578 iunctas
358 1528 431 1576 esse
453 1528 474 1576 a
497 1510 644 1577 librario.
692 1511 783 1576 Haeo
811 1527 883 1574 cnm
908 1507 1043 1592 egregie
1067 1527 1087 1573 a
1110 1507 1182 1573 viro
1207 1508 1301 1575 docto
1326 1527 1381 1575 ex·

205 1616 327 1700 plicata
349 1615 425 1696 sint,
449 1623 559 1683 tamen
584 1617 626 1682 de
650 1615 715 1682 illis
739 1617 865 1683 duabus
889 1614 1039 1698 partibus
1053 1615 1148 1696 quasi
1172 1616 1212 1681 ah
1238 1635 1302 1682 nno
1327 1635 1378 1682 eo-

205 1723 342 1805 demque
363 1722 493 1790 homine
517 1721 653 1807 scriptis
677 1721 870 1807 disputavit.
919 1720 1092 1788 Pertinent
1123 1731 1233 1788 autem
1256 1722 1379 1789 scholia

205 1828 459 1914 sesso—toto
488 1831 532 1896 ad
563 1836 664 1913 capnt
687 1831 701 1895 l
727 1836 761 1896 et
784 1830 819 1896 ΙΙ
842 1827 982 1895 actionis
1017 1828 1050 1894 in
1082 1829 1220 1896 Verrem
1243 1828 1279 1894 II
1302 1829 1380 1896 libri

202 1936 238 2018 I;
262 1936 366 2016 402oo
388 1936 506 2020 incipit
529 1939 571 2003 ah
594 1936 869 2018 interpretatione
893 1935 1010 2018 capitis
1027 1933 1119 2004 XVI.
1166 1935 1283 2016 Itaque
1307 1955 1380 2002 cnm

203 2045 306 2111 multo
330 2045 542 2114 verisimilius
577 2043 621 2110 sit
652 2065 672 2110 a
708 2042 850 2110 diversis
874 2041 1063 2110 auctoribus
1085 2043 1169 2108 haec
1193 2045 1380 2126 conscripta

204 2169 277 2218 esse
313 2171 409 2233 quam
443 2152 484 2218 ah
521 2171 583 2218 uno
619 2152 808 2233 eodemque,
845 2168 886 2217 ne
918 2148 1086 2231 Stanglius
1122 2149 1253 2230 quidem
1288 2169 1380 2217 suam

204 2245 284 2324 mihi
308 2257 510 2325 sententiam
535 2259 733 2340 persuadere
757 2257 877 2340 potnit.
924 2258 975 2322 Ac
998 2255 1137 2339 primum
1162 2255 1290 2337 quidem
1315 2256 1378 2324 iam

205 2365 412 2433 Ganmitzins
439 2365 676 2432 animadvertit
699 2365 807 2430 virum
833 2365 961 2431 doctum
991 2362 1195 2431 omniafere
1221 2365 1379 2446 exempla,

207 2471 325 2552 quibus
357 2463 554 2538 sententiam
585 2473 724 2555 probare
748 2472 833 2554 vult,
870 2490 911 2538 ex
935 2470 1119 2553 posteriore
1136 2477 1231 2554 parte
1256 2469 1381 2537 desum:

207 2577 312 2661 psisse
339 2585 441 2659 atque
466 2597 522 2645 suo
546 2581 618 2645 inre
642 2577 782 2660 plurima
805 2577 922 2644 reiecit
946 2595 986 2643 ex
1010 2576 1068 2661 eis,
1100 2597 1184 2658 quae
1208 2577 1247 2644 de
1270 2576 1400 2666 priore

205 2685 437 2752 adnotaverat.
484 2686 605 2752 Tamen
629 2683 786 2751 nonnulla
811 2686 950 2751 nondum
967 2713 970 2722 ·
986 2683 1176 2767 infirmavit,
1213 2703 1296 2765 quae
1333 2705 1376 2753 ne

205 2791 371 2858 minimam
396 2793 527 2874 quidem
550 2795 617 2858 mm
642 2791 804 2876 probandi
827 2794 958 2860 hahent.
997 2792 1091 2876 Quod
1107 2791 1192 2858 enim
1209 2792 1378 2876 Stanglius

204 2900 342 2967 verbnm
374 2902 540 2966 moraliter
570 2899 695 2981 pariter
724 2899 756 2965 in
783 2910 923 2979 utroque
956 2897 1094 2982 reperiri
1131 2900 1310 2982 contendit,
1336 2899 1380 2966 id

206 3012 294 3092 apud
319 3010 513 3077 Bohiensem
545 3029 610 3077 non
633 3010 819 3092 inuenitur,
844 3031 882 3078 eo
907 3028 1001 3092 quern
1026 3011 1141 3076 iaudat
1163 3012 1233 3078 loco
1259 3015 1289 3077 ἐν
1311 3011 1382 3093 ἤθει

206 3116 364 3200 scriptum
390 3117 479 3201 esti)
528 3117 654 3185 Deinde
679 3120 765 3198 qnod
790 3117 996 3186 Ganmitzins
1032 3119 1184 3184 concedit
1219 3121 1382 3200 quandam

203 3224 293 3289 inter
317 3227 346 3289 A
370 3234 405 3290 et
420 3224 595 3292 Bohiensia
611 3224 855 3292 similitudinem
871 3222 1134 3308 his'signiticari:
1159 3224 1263 3310 400,1o
1278 3233 1381 3293 dotus

204 3338 425 3404 coniecturalis
459 3337 548 3422 401,r
571 3340 729 3428 mcoeoopo'r
763 3335 869 3420 402,ro
900 3340 1100 3421 offensionem
1123 3339 1241 3416 incido,
1277 3341 1385 3406 verha‘

79 3495 82 3502 .
202 3443 368 3510 rhetorica
390 3443 421 3510 in
448 3444 595 3511 omnihus
612 3444 744 3511 scholiis
760 3444 985 3519 inveniuntur,
1012 3447 1213 3528 offensionem
1229 3447 1378 3526 inoidm,

204 3568 342 3632 quocum
378 3558 548 3633 comparat
579 3551 745 3633 Stanglins
781 3549 887 3630 360,15
909 3553 1017 3617 odiam
1040 3553 1211 3631 incurrero,
1248 3552 1380 3620 minime

201 3657 358 3725 Bobionsi
385 3657 552 3726 convenit.
583 3657 647 3724 Hic
663 3657 747 3723 enim
770 3659 890 3739 abique
907 3659 1043 3740 offensae
1060 3659 1219 3724 vocabulo
1234 3659 1375 3748 unitura)

202 3762 331 3829 Deinde
355 3763 487 3830 minime
511 3764 643 3847 optimis
668 3765 856 3832 auctoribus
881 3783 959 3831 usus
976 3770 1029 3831 est
1052 3767 1104 3831 Α1
1130 3804 1173 3814 -
1197 3766 1244 3832 sic
1260 3767 1379 3834 abhinc

205 3869 415 3937 scholiastam
427 3871 547 3953 prioris
560 3871 843 3954 partisappellabo
857 3893 915 3932 -ι
930 3872 1113 3954 Vergilium
1119 3874 1170 3939 his
1176 3872 1381 3956 trihuspagi-

205 3974 256 4042 nis
269 3978 392 4062 laudat,
410 3976 502 4046 cuius
518 3996 617 4046 unam
630 3978 829 4045 sententiam
845 3997 982 4058 eamque
994 3979 1195 4045 notissimam
1209 3979 1380 4048 Bobionsis

204 4079 315 4149 affert.
353 4083 470 4165 Itaque
488 4103 559 4152 cum
576 4085 718 4167 Stanglii
732 4095 939 4169 argumenta,
958 4105 1041 4166 qnae
1057 4086 1169 4153 attulit
1184 4087 1227 4154 ad
1244 4090 1381 4170 proban-

203 4189 277 4256 dam
295 4207 386 4256 suam
403 4191 598 4277 opinionem,
624 4190 819 4274 corruerint,
845 4193 951 4258 denno
970 4193 1121 4274 quaestio
1138 4203 1189 4260 est
1204 4197 1382 4261 tractanda

204 4296 245 4362 de
269 4298 396 4364 ratione
419 4317 515 4379 quam
539 4299 583 4365 Al
606 4299 639 4364 in
663 4299 912 4382 interpretando
937 4299 1094 4367 Cicerone
1119 4313 1250 4368 secutus
1275 4309 1335 4368 est.

202 4416 419 4425 m...-

277 4457 299 4525 ³)
319 4457 389 4512 Talia
408 4458 562 4526 saepissime
582 4459 652 4526 apud
671 4458 804 4512 Donatum
824 4459 959 4527 legrmtur.

272 4547 296 4617 ⁴)
314 4547 348 4602 of.
368 4547 464 4617 acopo
494 4547 590 4615 297,10.
618 4547 715 4617 alapa
745 4549 827 4615 3¹72&
854 4549 951 4616 829‚23·
970 4551 1042 4603 recte
1062 4548 1213 4617 suppletum
1234 4557 1275 4604 est
1293 4553 1379 4620 236,1.
