3230 5254
879 420 922 489 46

402 619 475 702 Eis,
502 637 584 699 quae
610 617 691 696 dixi,
721 620 805 685 satis
833 620 1092 683 demonstratum
1123 623 1174 682 est
1202 615 1283 682 artis
1307 623 1497 698 praecepta

316 724 527 790 scholiastann
559 726 652 806 sequi
679 726 862 792 recentiora
890 723 1099 807 Quintiliano,
1131 723 1318 803 antiquiora
1348 723 1499 787 Hermo·

316 850 409 914 gene.
462 832 571 916 Quare
607 851 679 897 cum
716 852 755 898 ea
790 834 894 898 altero
930 852 959 913 p.
984 831 1057 899 Chr.
1094 831 1225 897 saeculo
1261 848 1321 895 usu
1357 829 1497 894 venisse

315 937 508 1020 videantur,
557 941 657 1005 etiam
698 939 967 1006 commentarium
1000 938 1056 1003 illo
1092 946 1239 1019 tempore
1274 935 1497 1017 compositum
1585 1021 1586 1026 ἵ

315 1063 389 1110 esse
424 1045 623 1130 putabimus
659 1045 697 1125 si,
735 1065 818 1126 quae
854 1053 1030 1127 praeterea
1055 1043 1096 1110 de
1120 1044 1190 1110 eius
1214 1044 1322 1110 indole
1346 1041 1494 1109 dicenda

303 1158 403 1242 sunt,
429 1171 500 1218 cum
526 1152 591 1218 illis
616 1163 809 1235 congruunt.

404 1260 522 1340 Itaque
557 1260 600 1324 ad
635 1279 691 1325 eas
724 1261 952 1326 adnotationes
987 1259 1177 1343 transimus
1215 1275 1298 1338 quae
1335 1257 1495 1340 propriae
1585 1319 1586 1326 ,

272 1345 277 1354 ’
315 1365 419 1449 ipsius
443 1366 642 1433 scholiastae
667 1368 833 1449 videntur,
863 1365 1146 1451 interpretatones
1162 1367 1335 1431 verborum
1351 1365 1494 1430 rhetori·
1585 1423 1586 1428 ,

317 1491 373 1538 cas
408 1474 721 1555 observationesque
756 1474 796 1539 de
834 1473 944 1540 verbis
980 1472 1181 1540 notabilibus
1216 1473 1265 1536 rel
1300 1471 1491 1538 rarioribus.

316 1577 455 1661 Saepius
479 1580 658 1646 scholiasta
682 1579 930 1661 vulgarissimas
952 1597 1051 1644 voces
1066 1579 1314 1660 interpretatur,
1339 1587 1377 1643 ut
1393 1575 1489 1656 aaa,

317 1689 532 1768 turpissimus,
546 1685 657 1769 2422,
674 1690 710 1752 m
726 1687 920 1768 deploratae,
939 1686 1049 1769 atta,
1059 1694 1219 1768 sumptum
1230 1688 1363 1769 obferre,
1380 1685 1489 1768 help,

317 1795 429 1860 ducem
443 1796 609 1877 iudicium,
635 1794 734 1875 ueta,
752 1800 885 1874 pmmcto,
911 1791 1009 1872 306,1,
1031 1797 1192 1872 immum's,
1219 1793 1322 1875 3ῑ)9,6ι
1348 1795 1489 1860 odorum.

304 1895 412 1966 ¹Alius
442 1901 571 1980 generis
600 1911 677 1967 sunt
711 1900 941 1967 adnotationes
972 1899 1070 1981 aare,
1103 1897 1486 1981 2t8,1.304,27.‚qo1·ous

319 2006 471 2088 explicat,
501 2007 579 2088 quid
602 2010 646 2072 sit
670 2010 809 2081 omba'ta'o,
834 2011 883 2073 oia
896 2015 930 2072 et
945 2012 1039 2086 ratio,
1065 2010 1239 2074 embolium.
1286 2009 1406 2073 Horum
1426 2007 1479 2069 du-

319 2114 400 2178 obus
427 2115 507 2178 locis
531 2115 638 2179 Maius
665 2114 815 2180 iniuriam
844 2115 926 2180 facit
950 2114 1146 2180 scholiastae
1169 2115 1371 2195 definitiones
1391 2113 1477 2178 inter·
1585 2161 1586 2190 ;

319 2223 424 2301 pretis
439 2223 605 2301 'probans3
634 2239 739 2301 neque
764 2221 849 2286 enim
873 2222 900 2286 is
925 2235 975 2287 est
998 2220 1181 2298 Bobiensis,
1206 2223 1261 2300 qui
1286 2220 1484 2285 definitiones

321 2327 384 2405 det,
421 2328 478 2392 sed
517 2327 581 2409 qui,
619 2329 696 2408 quid
729 2347 787 2393 suo
822 2329 892 2394 loco
927 2329 1010 2396 velit
1045 2330 1181 2395 verbum
1217 2327 1261 2394 M.
1298 2327 1408 2408 Tullii,
1445 2345 1489 2391 os-

321 2434 446 2499 tendat.

408 2542 536 2607 Deinde
561 2558 616 2607 aas
640 2561 754 2624 voces,
788 2559 871 2621 quae
894 2541 1046 2624 propriae
1070 2549 1206 2608 calmum
1230 2552 1315 2619 suut,
1351 2542 1497 2624 explicat

322 2648 372 2714 vel
399 2648 461 2729 ita,
494 2660 531 2713 ut
553 2649 860 2730 interpretationem
886 2649 1025 2727 adiciat,
1051 2651 1141 2714 ouius
1164 2651 1296 2732 generis
1321 2657 1373 2714 est
1397 2645 1498 2732 236,

322 2755 415 2820 Stura
446 2777 496 2820 eos
526 2758 673 2823 dicebaut
699 2763 826 2836 celeres,
859 2760 914 2839 qm'
937 2758 1092 2824 habebam
1114 2757 1263 2821 idoneam
1286 2777 1353 2821 rma
1376 2757 1503 2837 famili·

322 2882 419 2938 arem,
450 2861 561 2943 uotae,
584 2866 648 2928 uoti
677 2866 833 2928 conuictos
857 2865 994 2928 dicimus
1017 2884 1082 2944 eoo,
1116 2867 1171 2944 qm'
1195 2865 1239 2927 ud
1262 2864 1406 2944 effectum
1425 2855 1500 2945 per·

321 2972 450 3034 omium
473 2990 588 3047 eorum,
614 2971 777 3050 quaesibi
801 2974 923 3035 euemm
944 2991 1066 3051 semper
1089 2974 1272 3058 optaverint,
1297 2969 1426 3052 velita,
1451 2979 1499 3052 ut,

323 3093 406 3154 quae
434 3077 501 3140 suis
529 3077 731 3157 temporibus
758 3076 1016 3158 adhibebantur,
1047 3076 1082 3142 in
1112 3086 1262 3143 veterum
1293 3078 1400 3143 locum
1425 3080 1500 3142 sub-

323 3181 456 3247 stituat:
493 3180 605 3264 nebus.
628 3185 817 3265 Leporem
840 3185 973 3250 liberae:
1004 3206 1058 3249 eos
1079 3206 1165 3250 mum
1182 3190 1375 3249 commeatus
1391 3186 1500 3265 appel·

250 3305 254 3319 ·
323 3289 435 3354 lamma.
484 3287 595 3368 308,1ss‚
627 3291 740 3356 Nouae
764 3290 912 3356 Sextiles:
935 3313 989 3356 eoa
1012 3293 1104 3372 ola'ca't,
1128 3313 1209 3374 qmoe
1230 3313 1316 3356 ummo
1331 3293 1502 3374 Aopmtae

323 3399 542 3461 mommomm.
572 3395 752 3476 Utriusque
770 3397 900 3478 generis
922 3408 973 3462 est
991 3398 1101 3479 272po.
1149 3401 1389 3480 Quaestormm:
1416 3399 1498 3464 Hos-

318 3505 438 3584 pitium
484 3507 659 3585 quaestoris
704 3505 892 3587 sa'pmfimms
932 3507 1065 3586 proprie
1102 3506 1275 3570 secumdum
1313 3505 1496 3570 uocabulum

323 3613 533 3691 mopistrotms
548 3614 644 3676 etium
660 3613 724 3676 loco
734 3613 798 3691 ipsi
812 3632 926 3677 comm
942 3614 1035 3678 dedit.
1073 3613 1170 3677 Num
1181 3599 1288 3676 autem
1304 3665 1311 3680 .
1329 3660 1336 3674 .
1356 3660 1363 3675 .
1382 3615 1490 3689 emmau,

324 3717 359 3778 m
389 3717 503 3797 qm'bms
525 3721 635 3783 ocriae
660 3719 829 3800 dipm'totc‘s
845 3720 1013 3798 praesides
1036 3721 1184 3798 habitem,
1209 3720 1377 3799 praetoria
1400 3719 1496 3784 momi-

324 3829 455 3896 momm.
480 3821 578 3905 286,
626 3827 710 3906 Quos
733 3845 818 3889 mmm
839 3827 931 3908 culpo
954 3827 1108 3890 mmla‘omes
1131 3827 1274 3904 dicimos,
1300 3846 1351 3890 eos
1373 3827 1498 3901 scilicet,

324 3931 379 4011 qm'
406 3933 548 3995 mmcmo
577 3931 730 3995 uehiculis
752 3933 919 3997 aebdomada
944 3933 1148 3998 moderomlm·
1172 3937 1201 3995 et
1222 3938 1347 4014 mpmut,
1379 3953 1432 3998 eos
1453 3953 1502 3998 oe·

325 4042 414 4114 tems,
438 4043 473 4102 mt
497 4039 738 4116 unimammas,
762 4040 909 4104 rodomus
933 4039 1086 4105 dicebaut.

413 4143 520 4209 Docet
533 4144 648 4209 deinde
667 4142 770 4226 249,ss
779 4163 847 4225 sqq.
875 4145 953 4226 quid
965 4144 1009 4209 sit
1011 4147 1129 4226 pulum
1140 4146 1308 4227 foedumut
1321 4146 1505 4211 arbitrario

325 4253 451 4332 smmis
475 4262 507 4315 et
533 4252 619 4316 unde
648 4252 858 4332 proverbium
889 4259 1002 4317 natum
1028 4251 1071 4316 sit
1094 4255 1205 4318 corma
1236 4254 1354 4342 cormm'
1384 4253 1503 4318 oeulos.

325 4357 487 4438 Imprimis
511 4376 590 4423 vero
622 4376 661 4423 ea
692 4360 796 4425 verba
820 4365 923 4442 notat,
949 4378 1032 4440 quae
1062 4357 1190 4423 rariora
1220 4360 1276 4424 vel
1300 4377 1387 4424 nova
1411 4360 1506 4441 apud

326 4475 457 4531 veteres
481 4471 569 4530 sunt:
