3230 5254
782 371 981 470 *dP-

289 583 348 647 sed
372 601 389 645 e
412 583 487 664 lege
503 583 633 648 Licinia
650 584 753 666 lunia,
779 581 884 668 323,1‚
908 585 941 649 in
963 585 1107 651 eiusdem
1124 585 1341 651 accusationis
1356 587 1461 653 locum

289 707 421 754 cansam
445 689 486 754 11
509 693 544 757 vi
567 689 737 757 substituit
761 709 927 774 perverse,
953 691 1067 774 aeta.
1096 693 1203 775 legem
1226 691 1386 760 Liciniam
1411 695 1462 758 lu·

289 794 377 861 niam
403 816 475 862 cum
498 797 628 863 Licinia
652 799 692 862 de
716 798 882 865 sodaliciis
907 799 1062 866 confudit.

379 901 483 984 356,25
513 923 641 969 errasse
670 904 879 972 scholiastam
903 905 1091 988 Madvigius
1121 907 1156 991 (1.
1187 906 1208 972 l.
1233 927 1264 988 p.
1292 905 1377 989 152.)
1406 909 1463 973 ad·

288 1011 424 1077 notavit.
470 1012 554 1076 Nam
592 1030 662 1076 curn
686 1011 873 1077 Archianae
910 1009 928 1097 ξ
957 1010 977 1078 9
1002 1011 1117 1078 Cicero
1154 1012 1292 1080 dixisset
1315 1013 1460 1095 Gabinii,

289 1117 444 1196 quamdiu
486 1117 658 1183 incolumis
704 1117 838 1198 suisset,
877 1119 1067 1200 levitatem,
1107 1133 1180 1202 post
1219 1121 1459 1186 damnationem

289 1222 509 1290 calamitatem
546 1243 671 1289 ornnem
709 1222 900 1290 tabularum
936 1223 1032 1290 fidem
1068 1228 1265 1310 resignasse,
1303 1229 1386 1293 haec
1421 1230 1461 1293 de.

288 1330 325 1396 Ρ.
351 1330 493 1396 Gabinio
508 1331 665 1412 Capitone
688 1331 786 1413 dictu,
812 1332 867 1411 qui
891 1341 1077 1413 praeturam
1102 1333 1206 1414 gessit
1229 1354 1315 1400 anno
1339 1332 1461 1401 665t89

288 1438 328 1502 de
364 1438 448 1502 Aulo
478 1436 628 1519 Gabinio,
670 1438 724 1520 qui
760 1457 830 1503 cum
867 1439 987 1504 Pisone
1021 1440 1134 1505 consul
1169 1440 1289 1524 fuerat,
1332 1444 1463 1521 accepit

288 1543 475 1623 scholiasta,
514 1563 710 1628 quamquam
746 1545 787 1610 de
823 1546 937 1611 eadem
973 1564 1010 1610 re
1044 1550 1078 1612 in
1115 1547 1317 1615 divinatione
1347 1547 1378 1634 (ξ
1403 1548 1459 1632 64)

289 1651 402 1716 Cicero
426 1654 529 1717 verba
553 1652 689 1718 fecerat.

376 1755 480 1840 adep
503 1759 555 1824 Μ’.
579 1757 710 1824 Curium
724 1759 905 1849 Dentatum
929 1758 1094 1826 eSabinis
1119 1760 1206 1843 quod
1229 1769 1335 1828 ortum
1352 1767 1457 1843 putat,

288 1867 328 1928 11
374 1885 411 1930 10
450 1885 563 1930 111011
608 1864 671 1930 iam
712 1863 923 1946 Schillingius
970 1884 1053 1948 quae
1101 1867 1242 1933 dicenda
1280 1873 1356 1932 sunt
1403 1870 1458 1933 ad-

287 1972 417 2038 notavit
440 1973 483 2057 (p.
509 1971 551 2053 1).

376 2079 470 2145 Haec
486 2079 664 2161 sufficiant,
690 2099 884 2163 quamquam
902 2081 1047 2146 fortasse
1064 2083 1161 2148 etiam
1179 2084 1304 2166 aliquot
1317 2083 1457 2149 leviores

288 2185 486 2253 scholiastae
511 2206 641 2253 errores
653 2187 731 2252 addi
752 2193 906 2268 possunt;
930 2207 1010 2270 quos
1024 2197 1145 2272 tamen,
1171 2188 1316 2272 quisquis
1333 2189 1457 2256 scholia

286 2294 385 2376 leget,
410 2293 510 2359 facile
533 2295 604 2375 ipse
630 2293 784 2376 corriget.

375 2401 435 2466 Eis
458 2406 568 2466 autern
593 2400 713 2466 multas
737 2400 868 2466 maximi
898 2401 997 2482 pretii
1019 2401 1310 2483 interpretationes
1339 2403 1461 2484 opponi

286 2527 380 2590 00111
404 2507 470 2573 iam
494 2507 706 2590 Schillingius
731 2509 773 2590 (0.
798 2507 853 2592 21)
878 2509 1122 2575 demonstravit.
1169 2512 1288 2592 Atque,
1320 2519 1357 2573 ut
1381 2527 1460 2573 non-

285 2615 392 2681 nullas
416 2615 514 2681 etiam
538 2615 586 2680 eis
611 2615 818 2698 quaslaudat
840 2616 971 2696 addam,
996 2635 1058 2681 nec
1082 2617 1121 2682 de
1139 2617 1249 2680 Leone
1273 2615 1459 2698 gladiatore

285 2721 427 2806 (adep),
457 2741 519 2788 nec
543 2724 583 2787 de
612 2721 719 2788 edicto
742 2721 862 2786 Racilii
885 2741 905 2785 a
930 2721 1086 2788 Cicerone
1117 2722 1296 2805 composito
1327 2720 1460 2808 (268,20)

286 2828 419 2894 aliunde
451 2836 581 2895 constat
612 2846 717 2911 neque
748 2829 788 2894 de
824 2826 968 2909 Cethego
999 2830 1081 2895 aL.
1106 2829 1245 2896 Aemilio
1268 2829 1386 2894 Paullo
1419 2831 1461 2894 de

285 2937 319 3000 vi
343 2942 498 3000 accusato
523 2937 617 3000 nobis
640 2937 682 3000 ab
711 2935 899 3001 auctoribus
923 2935 1083 3001 traditum
1115 2945 1174 3004 est.
1233 2937 1345 3002 Etiam
1375 2954 1460 3018 quae

286 3043 326 3106 de
351 3043 481 3107 Afranii
507 3048 623 3122 togata
646 3041 689 3127 (0.
714 3039 829 3123 30500)
855 3041 896 3105 11
920 3041 1054 3106 Ρ100111
1078 3042 1182 3108 1110111
1206 3043 1251 3130 (0.
1275 3040 1393 3129 307‚5)‚
1419 3044 1460 3106 de

285 3147 379 3213 Accii
394 3150 564 3230 Eurysace
588 3148 633 3232 (0.
651 3145 763 3226 30109.
789 3146 863 3229 306,
872 3157 904 3234 1).
929 3149 1076 3230 adnotat,
1102 3156 1200 3214 antea
1220 3152 1337 3232 ignota
1352 3158 1460 3213 erant.

374 3258 435 3323 His
460 3257 624 3320 enarratis
647 3254 723 3334 iam,
760 3255 838 3337 quid
870 3255 910 3320 de
945 3257 1006 3320 hoo
1035 3255 1220 3340 interprete
1256 3265 1460 3340 compertum

285 3366 474 3445 habeamus,
514 3362 663 3429 breviter
703 3361 970 3444 complectamur:
1011 3372 1144 3427 constat
1189 3363 1461 3429 commentarium

285 3470 474 3537 historicum
508 3489 528 3534 a
556 3469 768 3536 Bobiensium
799 3469 994 3535 scholiorum
1023 3469 1128 3553 primo
1157 3477 1291 3535 auctore
1321 3471 1461 3535 ascitum

285 3579 424 3643 eandem
447 3575 732 3661 interpretationis
764 3575 928 3642 rationem
953 3590 1100 3642 secutum
1132 3595 1204 3644 esse
1230 3583 1331 3659 atque
1354 3575 1461 3642 Asco-

285 3685 383 3767 nium,
406 3683 595 3750 historicam
613 3683 749 3762 scilicet
774 3692 905 3749 constat
925 3702 999 3749 eum
1023 3683 1057 3748 in
1080 3684 1253 3749 laudandis
1269 3685 1461 3750 auctoribus

285 3793 399 3856 eadem
428 3799 527 3871 atque
560 3791 651 3856 illum
684 3797 831 3874 tempora
854 3791 1050 3874 respexisse
1086 3798 1216 3855 constat
1251 3796 1460 3857 tamencum

285 3907 318 3964 et
340 3896 416 3962 aliis
442 3899 687 3962 commentariis
703 3916 798 3962 usum
822 3915 903 3980 esse,
934 3895 969 3961 id
997 3899 1083 3979 quod
1106 3897 1268 3964 Asconius
1300 3915 1461 3980 nusquam

285 4003 375 4088 iecit,
400 4009 434 4070 11
457 4022 499 4069 11(
522 4003 628 4068 Plinio
663 4005 823 4087 quaedam
851 4006 954 4069 verba
983 4003 1142 4069 hausisse.
1187 4004 1303 4086 Itaque
1332 4004 1463 4070 histori-

285 4131 357 4176 cum
382 4112 650 4177 commentarium
676 4111 693 4174 Ι
717 4111 846 4175 1110010
871 4109 914 4174 11
937 4109 1033 4175 finem
1057 4120 1218 4192 vergente
1242 4108 1459 4194 compositum

285 4237 358 4284 asse
381 4226 481 4302 patet.

373 4326 489 4392 Finem
518 4324 639 4390 faciam
668 4323 910 4390 dissertationis
926 4323 983 4404 ita,
1009 4329 1044 4389 ut
1065 4326 1179 4407 paucis
1203 4327 1349 4406 repetam
1375 4339 1460 4404 quae

284 4434 363 4498 mihi
387 4434 629 4498 demonstrasse
653 4431 778 4517 videar.
