3230 5254
704 423 745 492 31

125 619 247 703 pissot.
289 620 398 698 Atque
422 619 562 701 accedit,
589 621 674 702 quod
690 621 798 704 decipi
822 639 856 686 se
872 639 989 706 passus
1006 629 1057 688 cst
1074 621 1310 689 declamatione

127 725 304 794 subditiva
328 725 539 792 stultissima:
569 725 674 812 pridie
698 745 794 808 quam
818 727 853 794 in
878 727 1010 795 exilium
1034 727 1147 815 iret.⁹⁰)
1193 730 1311 811 ltaque

127 836 216 902 baec
237 833 367 917 sylloge
390 833 574 917 posteriore
600 835 727 902 demum
753 842 901 920 tempore
924 835 1014 902 iacta
1038 842 1096 904 est.

190 999 193 1004 -
222 959 262 1024 In
286 957 437 1024 Parisino
471 965 580 1024 autem
611 958 736 1025 rectius
767 959 913 1026 ordinem
940 959 1123 1027 orationum
1148 979 1220 1029 esse
1244 963 1310 1028 serss

125 1072 246 1134 vatum
265 1083 363 1145 quom
379 1063 412 1130 in
429 1064 565 1146 reliquis
590 1064 755 1133 codicibus
780 1067 896 1134 elucet.
939 1065 1058 1134 Differt
1081 1065 1163 1135 onim
1180 1068 1311 1134 Harlei·

127 1192 216 1240 anus
239 1171 327 1238 4927
353 1190 373 1236 a
397 1171 546 1238 Parisino
570 1172 627 1256 ita,
660 1179 697 1240 ut
719 1173 931 1240 Vatiniauam
955 1193 976 1239 a
1000 1173 1152 1241 Sestiana
1175 1175 1309 1260 avellat,

128 1281 219 1346 banc
243 1279 367 1362 ultimo,
391 1279 481 1345 illam
505 1282 618 1360 quinto
642 1281 711 1347 loco
736 1285 850 1365 ponat:
882 1281 970 1348 inter
994 1301 1049 1348 aas
1074 1281 1206 1349 exhibet
1228 1281 1310 1349 an-

131 1387 264 1465 lionam,
287 1386 493 1469 Ballionem,
520 1388 638 1453 deinde
655 1387 835 1462 orationem
853 1389 894 1456 de
918 1388 1126 1472 haruspicum
1142 1388 1310 1473 responsis

135 1503 172 1558 et
196 1495 237 1560 de
260 1491 437 1576 provinciis
463 1494 701 1561 consularibus.
733 1494 798 1560 Hic
817 1494 920 1578 igitur
937 1497 1016 1562 ordo
1034 1494 1197 1576 genuinus
1213 1496 1311 1581 plano

135 1602 207 1667 iam
232 1599 381 1667 confusus
406 1607 465 1666 est.
504 1600 732 1669 Bruxellensis
748 1601 835 1668 5345
857 1609 988 1670 tontum
1013 1603 1206 1669 Balbienam
1231 1601 1310 1668 an-

135 1709 322 1789 liauamque
338 1705 433 1774 falsis
450 1710 561 1793 posuit
573 1710 665 1790 locis,
683 1709 769 1776 hano
780 1717 909 1791 quarto,
925 1709 1017 1776 illam
1034 1717 1161 1789 octavo,
1179 1715 1309 1775 ceteras

134 1820 224 1881 recte
255 1814 407 1899 disponit.
454 1813 661 1882 Erfnrtensis
693 1822 833 1900 excepta
864 1815 1054 1898 Vatiniana,
1088 1835 1184 1898 quam
1214 1816 1310 1882 initio

132 1920 317 2000 collocavit,
342 1921 489 1987 ordinem
506 1921 650 1987 Parisini
674 1929 798 1988 servat.
846 1923 985 2006 Neglexi
1002 1931 1111 1988 eutem
1129 1924 1195 1990 alia
1210 1943 1311 2007 opera

129 2027 288 2095 Tulliana
310 2027 343 2094 in
367 2028 418 2094 bis
443 2027 607 2097 codicibus
633 2029 808 2112 descripta,
835 2030 983 2111 equibus
1000 2030 1218 2097 Caesarianas
1236 2037 1309 2097 tan-

127 2145 201 2212 tum
242 2135 487 2219 BruxellensiS,
524 2135 723 2202 Harlcianos
763 2147 797 2202 et
824 2136 1032 2203 Erfurtensis
1067 2137 1170 2204 multo
1209 2137 1307 2204 etiam

130 2245 199 2311 olio
230 2242 396 2310 exhibent.
450 2243 574 2308 Tamen
602 2245 662 2309 hoc
690 2244 869 2310 tenendum
892 2251 961 2325 ost,
1007 2245 1093 2324 quod
1134 2263 1241 2325 neque
1274 2245 1308 2310 iu

131 2350 314 2418 Harloiono
356 2369 462 2430 oeque
501 2349 535 2415 in
576 2350 786 2416 Bruxelleosi
828 2351 992 2432 expressis
1034 2351 1147 2419 verbis
1188 2352 1309 2418 dictum

136 2457 262 2540 inveni,
295 2459 336 2523 de
367 2455 554 2522 Erfurtonsi
584 2475 663 2524 vero
695 2457 836 2538 probare
867 2455 1058 2542 possum²¹):
1099 2457 1159 2523 bas
1196 2459 1307 2525 decem

134 2567 297 2632 orationes
317 2584 477 2630 annorum
494 2562 719 2650 secalonia
735 2566 895 2647 quondam
909 2564 942 2630 in
956 2583 1021 2632 uno
1035 2565 1145 2631 codice
1159 2564 1310 2632 extitisse

130 2673 330 2750 coniunctas,
366 2682 483 2756 postea
515 2673 643 2738 demum
675 2671 707 2737 in
742 2671 836 2737 libris
869 2671 1107 2738 recentioribus
1139 2690 1212 2737 cum
1235 2671 1309 2737 aliis

129 2779 299 2848 Ciceronis
323 2779 457 2863 scriptis
482 2779 611 2845 mixtos
628 2798 711 2846 esse.

217 2905 446 2986 Repetendum
479 2903 513 2969 iu
544 2904 608 2970 fine
631 2902 726 2970 huius
762 2904 879 2986 capitis
916 2903 1061 2971 breviter
1096 2905 1185 2986 duxi,
1222 2923 1305 2985 qnae

130 3014 206 3080 mibi
247 3014 289 3077 de
328 3010 552 3077 Tulliauarum
600 3009 783 3078 orationum
826 3011 1024 3078 editionibus
1063 3011 1307 3077 demonstrasse

129 3121 257 3188 videar.
315 3121 423 3201 Ipsum
459 3119 649 3185 Ciceronem
689 3138 885 3200 quamquam
922 3121 1110 3201 plerumque
1142 3119 1307 3186 orationes

129 3230 277 3312 singulas
294 3228 472 3309 separatim
489 3227 602 3308 edidit,
626 3225 897 3296 verisimillimum
922 3235 973 3294 est
987 3227 1155 3306 Verriuos,
1180 3231 1305 3292 certum

130 3337 299 3401 orationes
329 3335 361 3400 X
391 3333 425 3398 in
457 3333 629 3400 consulatu
665 3332 795 3399 habitas
832 3352 903 3398 cum
940 3335 1075 3412 duabus,
1113 3352 1194 3415 quas
1233 3334 1304 3414 ipse

130 3450 367 3534 ἀποσπασμάτια
391 3453 498 3529 vocet,
523 3444 661 3529 singulis
688 3445 879 3527 corporibus
904 3444 1123 3510 coniunxisse.

221 3657 254 3726 ²⁰)
273 3658 341 3711 hanc
359 3661 419 3726 post
437 3658 550 3726 primum
569 3657 706 3711 saeculum
725 3657 844 3711 extitisse
862 3657 1002 3725 Bobiansis
1028 3658 1146 3726 spondet,
1172 3657 1217 3725 qui
1243 3659 1304 3710 ante

134 3765 198 3817 eam,
222 3763 275 3816 qua
298 3748 402 3801 senatui
426 3750 487 3815 post
505 3747 618 3800 raditum
642 3746 739 3814 gratias
759 3746 816 3814 'egit
842 3746 940 3815 Cicero,
965 3745 1043 3800 aliam
1067 3747 1226 3800 subditivam
1250 3750 1308 3799 tum

135 3837 313 3905 pervulgatam
332 3839 528 3889 commemorat.

221 3945 253 4014 ²¹)
273 3945 342 4012 quod
361 3943 432 3998 enim
449 3943 603 3997 'Wunderus
622 3944 650 3995 in
668 3942 746 3996 libro:
772 3943 894 3997 Variae
913 3943 1085 3997 lectiones
1105 3960 1144 3998 ex
1163 3944 1229 3997 eod.
1247 3945 1309 3998 Er-

136 4034 282 4088 furtensi
310 4035 464 4086 enotatas
483 4032 565 4100 (Lips.
587 4031 666 4099 1827)
687 4049 712 4101 p.
732 4031 855 4086 XXXVI
874 4032 938 4084 dicit
965 4033 1109 4086 orationem
1128 4031 1308 4098 Vatinianarm

134 4124 213 4193 pridie
232 4139 312 4192 quam
331 4123 358 4174 in
377 4121 485 4175 exilium
502 4121 561 4189 iret,
581 4123 640 4190 posi
658 4121 773 4174 reditum
792 4122 940 4189 utramque,
960 4122 993 4174 de
1011 4137 1085 4189 prov.
1105 4137 1186 4178 cons„
1207 4120 1239 4173 da
1252 4119 1309 4178 har.

131 4229 208 4282 resp,
228 4229 275 4281 pro
300 4211 391 4273 Bulbo,
415 4227 461 4279 pro
480 4210 568 4266 Caelio
593 4227 628 4263 ex
652 4226 706 4263 uiuo
730 4210 875 4278 eodemque
899 4209 1043 4279 exemplari
1069 4209 1212 4278 descriptas
1236 4223 1309 4261 esse:

131 4321 183 4358 non
202 4302 270 4356 vidit
288 4302 357 4356 idem
376 4301 465 4355 valera
484 4301 515 4354 de
536 4299 655 4354 Sestiana
679 4302 707 4354 et
731 4301 763 4353 de
789 4316 824 4354 or.
844 4301 877 4354 de
901 4301 986 4368 domo,
1013 4316 1080 4368 quae
1104 4300 1215 4353 amissae
1239 4313 1251 4350 s
1290 4299 1309 4352 t.

131 4393 179 4447 His
192 4392 309 4453 insertis.
333 4407 398 4460 quaa
409 4391 491 4444 fuisse
510 4393 589 4444 antea
607 4389 634 4442 in
653 4389 742 4443 codice
761 4406 796 4442 ex
811 4388 897 4442 iudico
910 4389 1029 4457 praefixo
1043 4390 1153 4457 constal,
1173 4386 1310 4455 exemplar

130 4483 269 4551 antiquum
287 4481 315 4534 X
334 4480 465 4535 orationes
484 4479 545 4534 illas
564 4479 755 4547 complectitur.
