3230 5254
895 389 938 456 44

334 586 522 653 definienda
550 593 612 673 est,
648 596 682 653 ut
718 606 913 667 quaeramus
936 593 1047 653 utrum
1072 587 1288 672 Hermogenis
1323 586 1475 652 doctrinan

333 693 511 760 scholiasta
535 700 692 774 sequatur
709 713 752 759 an
768 713 842 762 non.
889 694 982 760 Illius
999 693 1084 760 enirn
1101 693 1287 777 praeceptis
1306 693 1351 759 ita
1366 694 1477 775 posteri-

333 799 398 867 oris
423 801 542 866 aetatis
559 808 833 868 commentatores
850 803 1039 884 utebantur,
1065 811 1101 866 ut
1124 801 1212 867 inter
1229 813 1340 866 omnes
1354 802 1478 866 rhetores

332 914 349 976 ὁ
378 915 511 1002 τεχνικὸς
540 911 608 977 κατ’
638 913 743 1001 ἐξοχὴν
767 912 1002 980 nominaretur.
1050 913 1103 978 Ac
1131 914 1268 995 primum
1299 912 1419 991 quidem
1443 930 1479 977 se·
1547 899 1548 988 β

337 1017 477 1084 vocandi
513 1025 589 1084 sunt
623 1038 642 1084 a
678 1018 882 1099 quaestione,
920 1016 1037 1098 quibus
1075 1017 1157 1083 nihil
1198 1018 1387 1099 proficimus,
1420 1017 1478 1082 loci.

336 1125 421 1191 Sunt
444 1133 550 1192 autem
577 1125 617 1210 ei,
643 1124 760 1206 quibus
777 1135 883 1192 status
900 1143 1017 1192 causae
1043 1127 1130 1191 nude
1147 1124 1304 1191 definitur
1318 1135 1372 1190 aut
1386 1123 1479 1204 quihus

334 1229 425 1313 leges
443 1233 609 1298 oratoriae
626 1230 708 1297 satis
723 1230 881 1314 vulgares
898 1238 1105 1298 enarrantur.
1131 1232 1257 1298 Mentio
1275 1231 1359 1298 enim
1374 1238 1478 1296 status

335 1337 637 1405 coniecturalis
672 1339 759 1404 nuda
783 1337 924 1404 infertur
955 1337 1047 1421 amp
1078 1348 1112 1405 et
1136 1336 1248 1420 368,7;
1284 1339 1324 1404 de
1352 1336 1478 1403 coniec-

332 1457 426 1511 tura
461 1444 609 1527 duplici
640 1447 743 1513 verba
771 1456 848 1511 sunt
878 1442 981 1528 285211
1006 1457 1040 1511 et
1063 1444 1191 1529 289,13;
1227 1448 1269 1511 de
1292 1444 1477 1510 incidente

333 1549 630 1635 289‚13eo368,7;
656 1553 697 1618 de
725 1551 928 1632 qualitate
961 1552 1244 1635 comparativa
1273 1561 1308 1617 et
1330 1551 1476 1617 relativo

332 1655 436 1737 276,ss
470 1666 503 1726 et
535 1655 653 1742 asam
687 1667 862 1741 praeterea
897 1657 1008 1742 237m·
1045 1662 1158 1742 246αι,
1198 1657 1264 1726 285
1300 1657 1475 1744 (sublimn)

330 1777 507 1847 praecepta
547 1769 695 1832 oratoria
737 1767 864 1832 dantur.
923 1767 975 1831 Ex
1009 1767 1101 1832 hisce
1135 1767 1283 1833 omnihus
1316 1767 1393 1831 locis
1419 1761 1474 1828 nihil

331 1872 454 1938 lucrari
489 1890 657 1954 possumus
681 1873 723 1938 ad
758 1877 827 1937 rem
852 1873 1093 1955 conficiendam,
1131 1892 1202 1938 cum
1233 1883 1267 1938 et
1290 1878 1395 1938 status
1410 1870 1470 1950 ipsos

332 1978 410 2044 inde
434 1969 476 2044 ab
500 1981 709 2062 Hermagora
740 1992 834 2045 notos
866 1979 968 2044 luisse
1000 1980 1140 2046 sciamus
1173 1989 1408 2063 praeceptaque
1421 1975 1463 2048 lla,

331 2087 373 2150 de
409 2087 525 2166 quibus
562 2086 647 2168 dixi,
684 2086 968 2168 evulgarissimis
998 2087 1073 2154 sint.
1122 2087 1373 2171 Desperandum
1403 2082 1465 2165 iqitu
1551 2099 1552 2104 ¹

332 2191 425 2257 nohis
456 2210 544 2259 esset
566 2193 630 2257 hac
667 2193 706 2259 de
728 2205 824 2274 parte
848 2193 1025 2273 quidquam
1052 2194 1222 2276 prolicere,
1259 2193 1325 2258 nisi
1360 2184 1471 2258 duohti

334 2306 558 2381 suppeterent,
592 2300 706 2379 quibus
739 2301 780 2364 de
816 2300 977 2396 divisione
1009 2309 1117 2366 status
1147 2300 1377 2366 coniecturalis
1402 2294 1475 2363 verbo

332 2407 415 2471 facit
437 2405 618 2489 interpres:
1552 2463 1553 2492 ,

420 2514 516 2598 287,1ι
558 2518 729 2584 Constituit
751 2521 787 2582 ιά
809 2519 911 2584 ooedo'o
934 2521 1099 2607 κεφάλαιον
1123 2528 1177 2583 τοῦ
1193 2523 1364 2606 κρινομένου
1379 2523 1478 2583 elsam·
1552 2495 1553 2550 β

330 2647 416 2690 otono
426 2627 809 2707 qooesttootstreotsslme
817 2626 1053 2708 comprehendit
1061 2649 1068 2710 ;
1077 2678 1085 2692 .
1138 2626 1283 2712 (lacuna)
1291 2680 1298 2693 .
1307 2680 1313 2693 .
1323 2678 1344 2691 ..
1358 2623 1481 2690 diducens

330 2735 366 2796 io
381 2738 547 2813 atramque
565 2755 737 2817 personam
753 2735 996 2798 coniecturalem
1021 2735 1299 2817 disceptationem
1329 2753 1403 2816 quoe
1422 2728 1481 2794 diui·

331 2842 423 2907 detuo·
449 2845 622 2908 secondom
650 2847 732 2908 ortis
756 2846 914 2909 oratoriae
937 2845 1035 2927 leqcm
1059 2846 1137 2911 locis
1161 2846 1335 2926 duplicatis
1358 2845 1411 2908 ἀπὸ
1431 2839 1483 2926 βου·

331 2953 503 3034 λήσιως,ι“ο1
513 2954 739 3019 estoolcototis
805 3005 811 3019 .
827 2954 969 3037 (lacuna,
977 2953 1009 3018 in
1021 2971 1084 3034 qua
1094 2955 1198 3020 verba
1207 2957 1259 3018 καὶ
1274 2955 1333 3019 ἀπὸ
1348 2955 1483 3036 δυνάμεως

331 3057 538 3124 intercidisse
567 3057 629 3137 eis,
667 3078 751 3140 quae
782 3067 978 3139 sequuntur,
1015 3059 1285 3145 evincitur)...
1321 3058 1482 3144 theodotis,

333 3165 452 3230 scilicet
469 3187 530 3245 per
553 3169 829 3248 comparationem.
1201 3185 1203 3191 ⁴

424 3270 522 3353 3522,
564 3273 657 3339 Haec
685 3280 857 3338 sumuntur
882 3275 920 3340 de
951 3275 1029 3339 locis
1052 3275 1323 3353 coniecturalibus,
1355 3274 1407 3356 qui
1427 3271 1484 3334 sorti

328 3382 429 3460 primi
451 3381 589 3446 uidelicet
612 3383 648 3445 ιἰι
670 3381 766 3445 huius
787 3387 891 3447 status
914 3381 1068 3447 divisione
1091 3405 1112 3447 ο
1135 3382 1294 3446 coloniole
1308 3388 1337 3447 et
1351 3377 1484 3464 facultate

330 3491 353 3553 ι’.
378 3511 402 3554 e.
427 3492 485 3555 ἀπὸ
510 3491 686 3578 βουλήσεως
707 3493 759 3556 καὶ
781 3494 948 3579 δυνάμεως·

420 3596 483 3661 His
500 3598 678 3664 enuntiatis
693 3597 780 3663 inter
797 3618 831 3665 se
855 3599 1038 3666 coniunctis
1062 3598 1160 3666 etiam
1184 3601 1218 3664 in
1235 3598 1341 3664 altero
1360 3594 1484 3662 eiusdem

331 3702 415 3767 artis
445 3712 623 3786 praecepta
647 3707 843 3772 Bohiensem
867 3706 959 3787 sequi
982 3706 1141 3774 videmus.
1178 3705 1299 3789 Quare,
1323 3723 1396 3770 num
1418 3703 1486 3766 haec

333 3809 449 3876 divisio
483 3819 590 3877 status
624 3811 852 3879 coniecturalis
881 3833 953 3880 cum
977 3812 1196 3897 Hermogenis
1227 3819 1299 3877 arte
1324 3811 1484 3893 congruat,

332 3915 575 3983 diiudicandum
599 3919 692 3983 nohis
717 3929 775 3985 est.
824 3920 917 3985 Haec
941 3930 1052 3987 autem
1067 3921 1170 3986 hahet
1185 3921 1296 3985 rhetor
1314 3919 1346 3984 in
1362 3923 1487 4007 διαιρέσει

331 4039 506 4118 στοχασμοῦ
535 4026 662 4108 (Rhea.
693 4047 741 4108 gr.
772 4029 812 4091 ed
842 4028 986 4110 Spengel
1010 4029 1054 4093 II.
1085 4049 1115 4110 p.
1143 4026 1239 4114 143):
1261 4031 1303 4097 ‘O
1328 4025 1488 4118 στοχασμὸς

330 4140 427 4201 τοίνυν
454 4123 624 4224 διαιρεῖται,
659 4139 710 4202 ὅτε
737 4141 789 4203 καὶ
814 4141 956 4226 πρόσοιτο
980 4139 1041 4229 ἔχει
1067 4143 1118 4204 καὶ
1145 4142 1311 4228 πράγματα
1337 4137 1487 4225 κρινόμεναι

330 4255 545 4333 ταραγροιρικῷ
577 4243 656 4308 ἔστιν
686 4246 757 4319 ὅτε,
790 4248 922 4335 ἐλέγχων
946 4248 1120 4329 ἀπαιτήσει,
1150 4247 1304 4332 βουλήσει,
1327 4246 1446 4329 δυνάμει
1465 4248 1487 4294 θ·

332 4366 360 4427 q.
389 4365 414 4412 s.
461 4347 565 4412 Vides
600 4345 633 4411 in
668 4346 719 4414 his
755 4348 887 4415 minime
923 4349 1025 4431 primo
1057 4359 1091 4414 et
1126 4351 1267 4416 secundo
1307 4349 1365 4414 sed
1397 4336 1487 4408 tertio

333 4467 516 4539 quartoque
541 4461 610 4525 loco
635 4460 757 4542 positas
782 4479 854 4526 esse
879 4460 1019 4548 βούλησιν
1043 4467 1076 4522 et
1097 4463 1230 4549 δύναμιν
