3230 5254
695 417 736 482 21

127 612 282 680 librarius
324 613 517 695 Filippicae.
594 618 640 682 At
682 614 824 681 obicitur
862 613 1073 682 Pisonianam
1119 615 1152 682 in
1190 616 1302 681 eodem

127 721 238 786 codice
263 727 380 788 extare
405 738 511 802 nequa
534 723 651 803 negari
674 727 782 804 potest
810 741 961 804 magnam
986 721 1049 787 hac
1077 709 1304 789 difficultatem

127 827 214 895 oriri.
260 827 397 894 Etenim
423 834 547 893 certum
573 833 709 894 estnon
736 827 838 894 solnm
862 828 896 892 in
920 829 953 895 H
977 830 1029 908 25,
1058 830 1116 894 sed
1141 829 1241 895 etiam
1271 828 1306 893 in

129 955 166 1001 eo
191 936 286 1015 libro,
311 953 353 999 ex
377 953 439 1014 quo
464 933 649 1017 descriptus
674 941 733 1013 cst,
757 935 967 1001 Pisonianam
993 953 1064 1001 cum
1090 934 1208 1003 ceteris
1231 954 1305 1002 con-

127 1043 276 1112 iunctam
301 1040 411 1107 fnisse.
457 1040 582 1108 Fateor
605 1041 684 1107 milri
715 1041 770 1107 hic
793 1061 910 1123 aquam
943 1043 1078 1108 haerere
1106 1061 1166 1110 nec
1194 1049 1305 1108 tamen

126 1171 148 1216 a
181 1148 371 1215 coniectura
403 1148 523 1231 optime
555 1169 574 1214 a
601 1147 779 1214 Niebuhr-io
816 1147 947 1216 firmata
978 1149 1135 1216 recedere
1164 1167 1303 1232 possum.

129 1257 347 1324 Statuendum
394 1255 494 1338 igitur
540 1261 591 1321 cst
641 1256 802 1336 qnondam
858 1254 1032 1322 editionem
1080 1255 1304 1323 Tullianarum

130 1362 318 1430 orationum
354 1361 502 1429 extitisse
539 1381 557 1428 e
592 1362 677 1428 serie
712 1363 900 1428 litterarum
936 1361 1137 1444 dispositam.
1196 1367 1303 1444 Atque

133 1488 327 1551 quamquam
368 1468 467 1535 certis
498 1469 700 1555 argumentis
743 1468 875 1552 probari
905 1468 1039 1554 nequit,
1084 1471 1213 1551 quando
1247 1471 1304 1536 illa

132 1577 292 1659 evulgata
315 1577 366 1656 sit,
390 1580 501 1642 tamen
525 1579 711 1642 recentiore
734 1584 881 1658 tempore
911 1577 1099 1643 institutam
1133 1596 1204 1644 eam
1233 1597 1305 1644 esse

131 1704 192 1770 pro
217 1694 304 1752 certo
328 1683 557 1750 affirmandum
582 1692 642 1750 est.
690 1684 807 1750 illucet
832 1683 926 1764 enim,
960 1702 1031 1748 cnm
1056 1696 1155 1750 antea
1177 1685 1211 1749 in
1240 1685 1303 1750 dis·

130 1791 288 1876 ponendis
304 1790 508 1857 orationibus
524 1790 679 1872 temporis
695 1791 780 1855 ratio
804 1790 918 1856 habita
934 1799 1030 1868 esset,
1056 1792 1140 1856 hunc
1157 1791 1303 1857 ordinem

128 1900 180 1967 vel
197 1898 370 1966 confusum
388 1915 459 1964 esse
471 1898 526 1964 vel
537 1917 602 1964 non
618 1897 682 1962 iam
701 1897 914 1976 intellectum,
941 1916 1011 1963 cum
1030 1897 1126 1964 aliter
1138 1900 1303 1964 orationes

126 2007 392 2090 disponerentur.
467 2006 580 2086 Neque
623 2005 824 2072 existimabit
861 2004 979 2086 aliquis
1020 2012 1094 2086 post
1136 2006 1303 2089 egregiam

123 2111 324 2181 Mommseni
363 2111 615 2194 disputationem
651 2113 809 2198 (Hermae
848 2113 913 2178 vol.
939 2112 1031 2194 XIV,
1071 2132 1102 2194 p.
1138 2112 1181 2176 65
1220 2113 1303 2193 sqq.)

125 2221 300 2304 prioribus·
328 2219 530 2302 temporibus
566 2220 730 2302 scriptura
761 2220 941 2300 bllippicae
974 2239 1064 2284 nsum
1097 2238 1169 2286 esse
1194 2238 1303 2301 quem-

128 2347 237 2408 quam.
291 2327 403 2410 Immo,
435 2326 462 2392 si
486 2327 581 2394 homo
606 2327 755 2392 eruditus
779 2326 844 2393 fuit
866 2326 1030 2409 librarius,
1057 2336 1134 2392 ante
1163 2328 1303 2392 medium

132 2442 284 2514 quartum
308 2433 472 2501 saeculnm
499 2434 533 2499 F
551 2453 608 2515 pro
632 2435 686 2499 Pb
711 2433 883 2515 scripsisse
906 2451 970 2498 non
996 2434 1162 2515 putandus
1186 2440 1246 2498 cst.

222 2541 285 2607 His
309 2540 466 2607 absolutis
502 2543 544 2607 ad
569 2559 607 2606 ea
639 2559 776 2623 corpora
809 2543 992 2606 orationum
1025 2540 1184 2618 venimus,
1218 2557 1303 2620 quae

130 2650 187 2715 vel
211 2656 362 2731 separata
408 2648 463 2717 vel
487 2667 560 2715 cnm
591 2647 665 2714 aliis
690 2647 851 2712 Tullianis
883 2646 1035 2728 operibus
1067 2646 1241 2712 coniuncta
1267 2645 1302 2710 in

126 2754 252 2822 nostris
276 2755 441 2822 codicibus
466 2762 600 2822 servata
623 2763 708 2821 sunt.

75 2863 78 2868 “
220 2863 379 2929 Verrinas
403 2861 435 2927 in
460 2863 673 2945 palimpsesto
698 2861 858 2926 Vaticano
884 2860 1053 2929 universas
1080 2859 1180 2926 inisse
1203 2859 1304 2927 mani-

127 2969 247 3036 festum
274 2976 341 3051 est,
370 2968 448 3034 item
482 2969 632 3035 extitisse
668 2988 734 3047 eas,
771 2987 968 3049 quamquam
1004 2967 1195 3034 coniunctas
1230 2986 1304 3034 cum

129 3077 205 3142 aliis
232 3060 382 3159 scriptia,
419 3095 502 3157 quae
536 3087 647 3142 tamen
683 3076 764 3141 nihil
800 3077 842 3141 ad
878 3076 1042 3143 orationes
1066 3076 1244 3158 pertinent,
1269 3076 1303 3140 in

130 3185 244 3251 codice
259 3183 411 3250 Parisino
429 3182 518 3249 7774
542 3190 570 3249 A
588 3201 692 3264 nuper
709 3183 747 3248 Ε.
766 3183 908 3248 Thomas
921 3183 1036 3263 (revue
1062 3184 1102 3247 de
1126 3180 1301 3264 philologia

127 3291 227 3371 9,167
252 3291 336 3376 sqq.)
366 3291 615 3359 demonstravit.
651 3293 770 3372 Atque,
797 3298 832 3355 ut
849 3289 947 3355 etiam
964 3291 1027 3356 hcc
1045 3308 1302 3371 commemorem,

123 3398 162 3464 in
185 3397 407 3464 Riccardiano
431 3402 507 3479 499,
532 3397 587 3479 qui
609 3395 728 3480 Poggii
751 3395 826 3476 init,
858 3398 1065 3480 appellantur
1101 3397 1175 3461 libri
1213 3418 1302 3462 occu·

124 3509 264 3574 sationis
295 3505 369 3572 VII
389 3507 615 3586 continuisque
639 3505 785 3572 numeris
809 3505 990 3588 signantur.

220 3611 430 3678 Catilinarias
454 3612 719 3695 Philippicasqne
743 3614 776 3677 in
802 3611 949 3676 omnibus
985 3609 1153 3676 codicibus
1188 3609 1303 3676 ordine

126 3721 287 3802 temporis
311 3731 426 3786 extare
449 3726 558 3787 notum
585 3727 645 3786 est.

223 3826 442 3893 Caesarianae
466 3825 499 3892 in
522 3826 759 3892 vetustioribus
782 3823 875 3891 libris
899 3825 1019 3906 ubique
1045 3825 1218 3892 universae
1247 3844 1303 3890 ex-

130 3935 330 4000 cantandam
357 3936 489 4002 ordine:
520 3954 578 4016 pro
602 3933 769 4018 Marcello,
794 3953 854 4016 pro
879 3932 1022 4015 Ligario,
1054 3951 1112 4013 pro
1136 3932 1303 3999 Deiotaro.

128 4040 171 4106 In
195 4038 243 4106 his
265 4040 313 4108 ita
339 4042 550 4124 disponendis
574 4040 731 4123 temporis
754 4040 914 4107 rationem
931 4041 1076 4105 habitam
1095 4057 1166 4104 csse
1188 4040 1304 4105 elucet.

219 4148 339 4228 ltaque
364 4150 472 4214 omnia
494 4149 576 4215 hacc
600 4167 737 4230 corpora
767 4147 844 4213 inde
869 4150 909 4214 ab
934 4145 1069 4214 Asconii
1103 4144 1303 4228 temporibus

124 4255 245 4322 ordine
269 4275 333 4321 non
357 4256 527 4340 mutatol2)
552 4256 645 4322 nobis
669 4263 805 4322 servata
830 4273 900 4321 esse
926 4272 1052 4321 censeo.

201 4396 410 4471 ¹²)1incradibile
428 4398 485 4452 lere
505 4401 547 4450 est
564 4414 579 4451 e
598 4413 707 4465 corpore
725 4397 933 4465 Philippicarum
952 4396 1079 4464 quasdam
1103 4394 1213 4447 omissas
1235 4409 1303 4448 esse.

123 4488 227 4557 Neque
246 4502 311 4540 vero
331 4486 443 4541 dubitari
461 4490 557 4558 potest,
576 4487 640 4557 quin
659 4487 686 4539 id
704 4487 802 4540 lactum
822 4487 864 4539 sit.
892 4485 997 4540 Etenim
1011 4487 1039 4537 ot
1052 4483 1150 4537 scholia
1163 4482 1305 4539 Bobiensia
