3230 5254
781 438 821 502 ll

207 634 298 704 iacit.
352 634 518 703 Nonnulla
532 639 720 702 tantum'ex
735 635 805 702 eins
820 632 969 718 epistulis
986 637 1090 720 promi
1106 638 1251 717 possunt,
1268 628 1384 711 quibus

208 743 455 811 demonstratur
485 745 573 809 bunc
604 759 725 808 morem
755 759 827 809 eum
859 749 1006 810 secutum
1034 761 1118 826 esse,
1147 745 1184 806 ut
1206 735 1382 820 orationes,
1424 748 1426 755 '

209 853 382 933 postquam
407 848 500 934 dixit,
524 860 728 940 retractaret
748 867 850 938 atque
873 856 1021 940 singulas
1044 855 1165 920 ederet.

296 977 392 1042 Anno
416 971 534 1066 ocatur
559 979 672 1046 Attico
695 989 869 1065 postquam
893 984 933 1049 ds
957 981 1031 1049 aliis
1054 976 1256 1046 orationibus
1279 975 1394 1041 verba·

207 1080 298 1162 lecit,
328 1082 411 1149 baec
434 1082 551 1152 scribit
573 1085 638 1171 (ad.
660 1090 734 1156 Att.
757 1088 785 1169 1,
813 1088 909 1177 13‚s):
937 1087 1094 1156 lolliam
1116 1087 1290 1153 orationem
1314 1082 1385 1148 Me·

208 1190 355 1258 milenum
376 1191 491 1258 addidi
512 1189 686 1277 quaedem:
715 1197 793 1264 leber
815 1199 874 1264 tc'bi
898 1200 1047 1264 mittetur.
1093 1194 1176 1260 lnde
1200 1189 1303 1274 igitur
1333 1208 1383 1256 co-

211 1299 397 1380 gnoseimus
420 1317 491 1365 cum
515 1299 603 1367 inter
617 1301 763 1369 habitam
787 1309 822 1371 et
837 1305 961 1370 editam
978 1301 1159 1370 orationem
1176 1316 1295 1364 annum
1312 1297 1384 1362 scre

211 1401 414 1490 interfuisse,
438 1412 507 1473 tum
530 1407 650 1474 librum
673 1409 767 1477 illum
790 1411 892 1478 solam
916 1409 1119 1477 Metellinam
1143 1404 1354 1472 continuisse.

171 1602 173 1609 ,
300 1547 365 1613 Ter
388 1550 507 1616 deinde
532 1552 573 1618 de
596 1553 747 1622 oratione
770 1551 804 1619 in
828 1552 981 1621 Clodium
1000 1558 1034 1618 et
1056 1550 1230 1624 Curionem
1253 1567 1294 1614 ex
1317 1548 1384 1631 epi·

213 1653 305 1722 stulis
338 1657 381 1722 ad
411 1658 562 1725 Atticum
596 1658 704 1727 missis
738 1659 863 1743 aliquid
898 1658 1123 1744 comperimus.
1170 1657 1275 1723 Panlo
1311 1664 1385 1738 post

211 1760 276 1848 (ad.
301 1765 371 1830 Att.
395 1765 423 1846 I,
451 1765 588 1854 liis-10)
620 1769 869 1836 altercationem
898 1769 933 1835 in
948 1808 950 1812 -
965 1776 1085 1834 senatu
1116 1782 1186 1830 cum
1210 1764 1247 1830 P.
1271 1761 1384 1830 Clodio

208 1868 357 1936 habitam
380 1871 420 1937 de
440 1873 503 1938 bac
517 1874 590 1956 ipss
606 1873 741 1958 exponit
756 1872 984 1942 disertissimis
999 1860 1121 1941 verbis.
1168 1874 1288 1952 Atque,
1310 1888 1384 1936 cum

207 1976 288 2044 nibil
313 1979 354 2044 de
379 1980 506 2046 edenda
528 1981 698 2050 invectiva
722 1984 834 2066 addat,
868 1980 918 2048 bis
943 1987 1057 2065 postea
1080 1981 1182 2046 verba
1206 1978 1247 2044 de
1271 1978 1384 2043 eadem

207 2084 290 2153 fecit
313 2085 371 2167 (ad
387 2087 456 2153 Att.
472 2085 534 2168 III,
553 2088 658 2175 l2,s):
686 2090 877 2157 Percussiste'
900 2111 949 2156 me
971 2092 1067 2156 etiem
1090 2088 1292 2153 decretione
1309 2107 1384 2168 pro·

207 2195 294 2260 luta:
317 2197 371 2260 eui
386 2196 539 2277 ,cummi
563 2202 600 2262 et
613 2198 736 2270 scribis,
749 2199 881 2280 medere,
894 2202 924 2264 sc'
939 2197 1124 2280 quidpotes.
1160 2193 1284 2276 Serapse‘
1299 2196 1384 2275 equi·

208 2301 279 2368 dem
303 2302 378 2368 olim
402 2304 431 2367 ei
453 2305 568 2387 iratus,
592 2307 676 2389 qood
698 2305 753 2371 tlte
769 2306 865 2388 prior
887 2306 1068 2386 scripserat,
1096 2302 1152 2368 sed
1167 2303 1215 2366 itu
1231 2321 1384 2382 compres-

209 2427 324 2490 seram,
348 2415 571 2494 utnusquam
593 2418 816 2498 emanaturum
837 2417 993 2492 petorem.
1041 2409 1202 2493 Quomodo
1225 2407 1384 2485 exciderit,

210 2515 326 2580 nescio.
373 2515 503 2582 Deinde
532 2518 645 2583 eodem
677 2536 763 2584 anno
788 2515 908 2606 696158
931 2518 991 2604 (ad
1017 2520 1085 2583 Act.
1109 2515 1173 2596 Ill,
1200 2513 1299 2600 15‚³):
1314 2511 1387 2591 ‚Sed

211 2621 291 2702 quid
315 2619 439 2688 Uerrio?
461 2645 504 2688 un
526 2625 617 2690 illum
640 2629 815 2692 orationem
837 2646 902 2691 reon
925 2624 1055 2710 lepti-
1068 2633 1148 2705 quae
1162 2621 1247 2686 unde
1261 2622 1389 2703 511,ψο-

212 2727 289 2806 late
313 2729 442 2795 amolo?
457 2765 501 2777 -
516 2733 677 2817 Apparet,
703 2732 853 2822 quamvis
876 2750 942 2798 non
965 2738 1082 2812 aperte
1106 2728 1227 2794 editam
1245 2745 1317 2809 esse
1333 2744 1389 2792 au·

213 2832 340 2901 diemus
363 2855 385 2900 a
401 2835 557 2905 Cicerone
571 2838 782 2924 invectivam,
807 2845 918 2904 tamen
935 2856 1006 2904 eam
1022 2837 1056 2902 in
1073 2839 1192 2918 vulgus
1209 2851 1389 2901 emanasse.

299 2961 352 3027 Ex
383 2960 589 3030 orationibus
620 2971 695 3047 post
725 2961 1018 3030 roditumbabitis
1054 2961 1209 3028 discimus
1233 2958 1290 3045 (ad
1320 2961 1390 3026 Art.

211 3064 269 3148 IV,
294 3066 362 3153 im)
386 3087 469 3155 eam,
494 3088 591 3151 quam
620 3071 660 3136 de
689 3072 782 3137 domo
815 3089 880 3156 sna·
902 3069 1019 3137 babuit
1042 3069 1167 3147 Cicero,
1196 3066 1320 3133 editam
1348 3067 1389 3131 ab

213 3191 286 3257 1pso
311 3176 489 3258 separatim
513 3195 595 3244 esse.

304 3299 416 3381 Neque
441 3300 570 3367 omnino
595 3303 796 3368 consuetudo
821 3302 853 3367 ei
877 3307 959 3380 erat,
984 3307 1021 3366 ut
1043 3301 1156 3382 plures
1172 3298 1340 3363 orationes
1356 3295 1391 3361 in

212 3424 311 3474 unum
347 3425 464 3493 corpus
498 3407 685 3491 redigeret3
721 3428 762 3476 ne
785 3409 820 3475 id
845 3409 991 3492 quidem,
1028 3406 1113 3487 quod
1138 3413 1252 3487 postea
1268 3405 1390 3481 docebo

214 3513 310 3581 nobis
333 3527 501 3583 servatum
527 3535 600 3584 esse
623 3534 782 3582 annorum
808 3512 1160 3603 conspissatum
1178 3509 1400 3593 compositum'

213 3637 287 3688 esse
304 3621 512 3690 manifestum
529 3623 571 3690 lit
586 3623 697 3693 verbis
713 3626 757 3691 ad
772 3622 950 3690 Lentulum
967 3620 1097 3703 scriptis
1115 3619 1172 3706 (ad
1189 3619 1255 3686 div.
1272 3618 1390 3704 I,9,ns):

214 3731 305 3811 Quod
326 3752 438 3815 repes,
468 3737 505 3798 ut
532 3754 602 3798 meo
630 3734 688 3798 tibi
710 3735 831 3815 scripio
853 3732 992 3811 mittum,
1026 3747 1106 3812 quoe
1125 3731 1198 3809 post
1219 3728 1392 3793 discessum

216 3840 304 3902 teum
326 3839 518 3919 scrapsere'rn,
543 3844 618 3905 suet
641 3841 806 3905 maeones
822 3840 987 3923 quaedam,
1013 3857 1094 3920 ques
1111 3835 1288 3903 Menocrito
1312 3835 1397 3899 dabo

218 3961 313 4026 aeque
335 3947 384 4010 o'te
405 3945 534 4025 multoe,
557 3968 597 4011 ee
614 3947 832 4026 pertimesces.
873 3945 954 4011 illas
970 3944 1072 4026 igitur
1088 3942 1188 4009 etiam
1213 3941 1391 4023 separatim

218 4048 326 4116 editas
350 4070 421 4118 esse
444 4052 559 4118 elucet.
783 4059 785 4065 '
1010 4078 1013 4085 ·
1198 4068 1199 4073 ¹

259 4169 261 4174 ’
307 4171 434 4243 Deinde
463 4177 665 4246 invectivam
696 4176 731 4242 in
756 4167 911 4243 Pisonem
942 4174 1065 4241 editam
1095 4191 1167 4239 esse
1199 4182 1275 4238 ante
1304 4189 1392 4237 men·

217 4300 285 4370 scm
302 4283 530 4367 Septembrem
554 4283 633 4350 anni
658 4282 777 4372 700154
801 4289 968 4349 testantur
991 4283 1074 4346 baec
1098 4281 1202 4348 verba
1226 4276 1392 4344 Ciceronis

219 4380 275 4476 (ad
303 4391 425 4476 Quint»
439 4380 479 4457 fr.
513 4393 576 4474 HI,
607 4382 703 4476 ‘1',11):
744 4391 795 4456 De
820 4389 980 4457 Ooloeetie‘
1015 4389 1130 4455 Marii
1147 4373 1289 4454 oratione
1310 4384 1393 4469 quod

217 4486 342 4568 seins:
377 4489 478 4565 miror
510 4500 568 4566 tibi
595 4487 724 4580 placere
750 4519 800 4563 me
823 4499 866 4562 ed
889 4501 959 4562 eom
987 4497 1173 4572 rescribere,
1203 4494 1393 4575 praesertim
