3230 5254
286 569 402 630 nonit‘.
421 563 531 650 neap.
558 565 761 631 Lubecalant:
777 566 923 630 Notabile
939 569 1130 655 ὑποκόρισμα.
1154 563 1209 629 Sto
1224 572 1333 630 tamen
1347 573 1465 631 ueteres

287 676 314 736 et
339 673 512 736 aetatulam
535 679 563 736 et
586 673 772 738 nubeculam
795 673 954 737 dixerant.

319 833 323 842 .
376 780 445 844 Hos
476 779 564 844 locos
587 777 660 844 ideo
686 777 835 861 excripsi,
867 787 901 844 ut
927 777 1139 844 manifestum
1162 777 1257 843 fieret·
1281 798 1402 846 omnes
1420 783 1454 846 ad

285 887 351 954 vim
375 890 549 956 verborum
573 889 824 970 significandam
840 896 991 973 spectare
1016 898 1050 956 et
1073 909 1168 970 quam
1184 889 1327 954 maxime
1345 889 1449 954 docui-

286 1013 360 1060 nam
388 997 641 1063 Frontonianum
667 997 817 1077 prodere.
864 996 934 1061 Iam
959 995 1159 1062 Frontonem
1183 995 1288 1078 ipsum
1306 996 1449 1062 Gellian-

287 1121 349 1182 que
388 1102 567 1169 videamus.
616 1104 785 1183 Equibus
809 1102 879 1185 ille,
914 1120 1110 1183 quamquam
1148 1109 1262 1168 ueteres
1301 1102 1455 1184 imprimis

286 1207 426 1275 Catones
443 1211 675 1291 Gracchusque
699 1211 854 1294 appellat,
879 1219 989 1277 tamen
1014 1210 1174 1276 interdum
1199 1228 1270 1276 cum
1288 1211 1337 1276 eis
1362 1210 1456 1276 etiam

285 1316 474 1382 Ciceronem
530 1317 713 1400 coniungit,
770 1325 805 1382 ut
838 1337 911 1398 pag.
946 1317 1025 1400 114,
1060 1317 1138 1397 154;
1207 1330 1307 1398 atque
1348 1339 1379 1400 p.
1418 1316 1456 1383 62

287 1425 503 1506 Quantobrera
528 1425 644 1510 inquit,
667 1428 738 1491 rari
761 1427 933 1491 adoindum
955 1432 1094 1490 veteram
1116 1427 1307 1508 stuprorum
1331 1427 1367 1491 in
1391 1449 1456 1491 eant

284 1533 629 1615 laboremstadiamqae
638 1540 667 1598 et
672 1533 853 1613 perlatam
865 1533 959 1596 cerba
967 1533 1383 1615 industriosiasqaaerendi
1395 1555 1456 1599 sese

284 1642 473 1706 commisere.
484 1641 680 1719 Sequuntur,
691 1658 774 1720 qnae
785 1638 1329 1718 deMCatoncaliisqueveteribus
1339 1653 1452 1706 censet.

283 1748 420 1812 Deinde:
437 1749 487 1814 bic
502 1754 537 1812 tn
551 1752 690 1830 tortasse
704 1750 849 1828 requiris,
863 1767 922 1828 qno
938 1750 974 1811 in
988 1768 1118 1812 namma
1134 1748 1229 1839 locem
1242 1746 1292 1812 M.
1308 1747 1451 1813 Tulliam.

284 1855 410 1922 Gellius
440 1862 548 1922 autern
580 1856 667 1921 inter
694 1862 825 1920 veteres
861 1854 904 1918 M.
931 1853 1074 1920 Tullium
1104 1853 1215 1919 multis
1242 1853 1327 1919 locis
1357 1856 1446 1936 ponit.

282 1962 360 2045 XII,
387 1963 476 2046 13‚n.
504 1963 602 2028 Cordi
646 2013 652 2025 .
673 2017 677 2024 .
703 1963 783 2027 mill
805 1963 870 2045 t'ait
887 2014 893 2026 .
912 2011 944 2026 ..
969 1983 1140 2043 quaerere.
1161 2013 1167 2026 .
1185 2012 1208 2039 .‚
1234 1983 1372 2045 quonam
1389 1982 1440 2025 aa

282 2073 321 2137 do
337 2078 452 2136 ueteres
467 2074 570 2136 nostrl
582 2069 750 2152 particulo
768 2118 796 2132 ..
816 2117 822 2130 .
848 2071 901 2132 asi
916 2070 991 2146 sint,
1010 2074 1103 2150 atque
1119 2120 1126 2132 .
1143 2120 1150 2133 .
1169 2123 1175 2136 .
1200 2072 1443 2134 invenimus...

286 2179 426 2242 Tulliam
449 2181 612 2258 suasisse
630 2227 637 2241 .
656 2225 662 2241 .
682 2228 689 2240 .
712 2176 738 2258 Ι,
765 2176 811 2256 ds
840 2187 1011 2258 postquam
1036 2177 1076 2240 de
1105 2173 1270 2241 Ciceronis
1287 2175 1401 2241 verbis
1421 2175 1449 2240 in

281 2284 463 2350 Planciano
488 2287 528 2350 de
558 2283 721 2350 debitione
750 2286 907 2366 pecuniae
944 2294 977 2348 et
1013 2281 1141 2366 gratiae
1177 2285 1280 2347 multa
1317 2283 1453 2348 disseru-

280 2393 345 2458 isse
387 2392 549 2457 Iulianum
598 2393 763 2458 rhetorem
807 2391 971 2474 exposuit:
1014 2391 1069 2456 Aul
1110 2393 1194 2456 hano
1235 2390 1365 2455 modam
1389 2443 1396 2456 .
1419 2441 1454 2458 ..

281 2501 468 2565 enodabat.
495 2548 501 2564 .
528 2552 535 2565 .
570 2507 708 2566 ceteram
731 2503 920 2582 sareptanam
947 2497 1181 2579 contentiosi,
1208 2499 1253 2579 tp
1281 2497 1316 2562 in
1358 2499 1455 2564 certis

282 2606 449 2671 Ciceronis
488 2607 600 2672 verbis
651 2625 713 2673 non
752 2607 868 2672 vitium
909 2624 980 2670 esse
1033 2604 1174 2671 amicum
1214 2608 1457 2672 demonstrasse

280 2723 403 2794 narrat,
429 2715 488 2778 sed
512 2733 585 2779 eum
602 2717 701 2795 probe
723 2737 761 2781 ae
782 2714 930 2797 aetnam)
954 2712 1105 2779 locutum.

367 2840 438 2904 Iam
451 2848 649 2921 repetamus,
664 2840 848 2919 quaenobis
859 2841 1099 2904 demonstrasse
1111 2838 1275 2904 videmur:
1292 2838 1457 2919 Antiquos

279 2945 335 3009 ille
363 2945 625 3028 commentarius,
657 2945 713 3026 qui
744 2965 855 3011 ornnes
880 2945 1046 3011 orationes
1069 2944 1235 3011 Ciceronis
1263 2947 1456 3027 complecte-

279 3053 384 3131 batur,
414 3054 579 3118 recentior
595 3060 669 3118 erat
684 3071 780 3134 quam
797 3052 952 3134 historici,
977 3053 1143 3134 antiquior
1167 3072 1263 3134 qnam
1287 3052 1454 3118 rhetorici.

278 3161 389 3239 Atque
406 3178 478 3224 cum
495 3160 578 3226 artis
594 3161 779 3226 rhetoricae
794 3160 885 3242 leges
902 3180 981 3243 quas
997 3169 1129 3226 secutus
1145 3174 1197 3226 est
1221 3161 1405 3226 doctrinam
1420 3160 1456 3225 H

279 3278 352 3348 post
365 3266 529 3332 Christum
542 3267 667 3334 saeculi
680 3270 831 3350 prodant,
846 3270 1090 3350 interpretandi
1107 3267 1193 3334 ratio
1210 3276 1347 3348 totaque
1365 3269 1455 3334 scho-

278 3374 397 3438 liorum
421 3373 549 3441 indoles
580 3379 622 3442 ad
646 3375 825 3441 Frontonis
858 3384 1003 3442 aetatem
1031 3385 1171 3458 spectat.
1217 3375 1338 3455 Itaque
1369 3376 1453 3441 illius

279 3481 480 3562 temporibus
505 3485 770 3548 commentarium
794 3484 899 3564 ipsum
925 3487 1137 3564 compositum
1162 3500 1233 3549 esse
1259 3482 1377 3550 elucet.

367 3606 438 3671 Iam
462 3625 532 3672 cnm
559 3609 600 3671 de
623 3616 736 3673 aetate
754 3608 979 3675 commentarii
995 3617 1133 3691 constet,
1150 3609 1247 3690 paulo
1264 3608 1444 3675 accuratius

279 3713 504 3779 disserendum
528 3725 579 3780 est
603 3717 642 3780 de
678 3717 824 3796 consilio,
850 3735 912 3796 quo
936 3716 1099 3799 interpres
1128 3735 1200 3782 eum
1224 3714 1451 3798 composuerit.

278 3820 1454 3902 Videturantemidinanimchabuisse‚utartemTullianamindicendis

278 3927 483 3993 orationibus
507 3927 679 3994 maximam
697 3931 898 3995 ostenderet.
947 3929 1105 3996 Omnibus
1129 3931 1214 3996 enirn
1236 3930 1306 3998 fere
1322 3932 1456 3998 scholiis

278 4035 533 4117 circumscriptis
570 4036 736 4102 Ciceronis
772 4040 883 4106 verbis
920 4057 1002 4118 eum,
1046 4039 1102 4120 qui
1133 4042 1225 4122 legit,
1261 4049 1382 4123 monet,
1419 4049 1456 4106 ut

278 4142 415 4208 eximiae
456 4143 662 4222 eloquentiae
701 4145 844 4210 indolem
891 4157 1052 4227 agnoscat
1091 4165 1263 4227 secumque
1307 4156 1455 4229 reputet.

276 4251 473 4331 Plerumque
521 4250 706 4333 praemittit
751 4271 903 4336 graecum
950 4255 1033 4319 artis
1079 4255 1264 4320 rhetoricae
1303 4257 1455 4338 verbum,

290 4391 490 4398 ....—....-......-..

366 4445 386 4514 ὅ)
407 4450 441 4503 cf.
461 4447 543 4503 schol.
564 4448 653 4512 25L12
670 4458 763 4500 vetuste
781 4451 877 4500 locutus
895 4460 938 4500 est.
