3230 5254
856 419 1007 494 28,

293 617 391 684 etiam
423 615 640 684 concedit-
666 635 706 682 ex
734 616 791 684 illo
827 618 945 684 itinere
978 616 1102 700 scripta
1136 625 1190 684 est
1223 619 1258 683 in
1293 635 1394 697 eaque
1425 617 1468 683 de

292 725 387 790 domo
411 725 510 790 etiam
535 739 576 788 ex
599 723 755 806 Arpinati
777 725 892 790 Attico
916 725 1075 790 mandata
1098 722 1256 810 mittitsq

382 830 488 898 Valde
519 837 629 897 autem
660 830 837 899 verisimile
868 841 918 898 est
950 850 1012 897 uon
1048 831 1150 898 solum
1182 850 1285 912 usque
1315 832 1358 897 ad
1382 831 1466 897 Nou.

293 935 368 1004 Mai.
393 936 553 1003 mansisse
577 938 669 1004 Antii
693 936 891 1020 Ciceronem,
924 940 982 1004 sed
1014 937 1111 1004 etiam
1144 937 1268 1005 diutius
1294 938 1341 1004 lbi
1364 954 1469 1003 remo—

291 1050 402 1111 ratum
429 1063 502 1110 esse
525 1054 706 1126 permotum
733 1043 781 1112 eis
804 1063 887 1125 quau
911 1044 1063 1112 audierat
1087 1046 1126 1111 de
1150 1044 1294 1111 consiliis
1317 1043 1471 1112 Caesaris

292 1158 326 1217 et
357 1152 493 1234 Pompei
522 1152 637 1217 Lucae
669 1151 799 1217 habitis.
847 1150 979 1218 Etenim
1014 1151 1100 1232 quod
1130 1150 1200 1234 ipse
1230 1150 1329 1218 fratri
1353 1152 1470 1218 scribit
1575 1229 1576 1248 ἶ

292 1257 349 1342 (ΙΙ,
375 1255 458 1342 6‚1):
487 1259 629 1324 Adiacet
654 1257 817 1324 Procilius
840 1260 897 1324 boo
928 1259 983 1341 (so.
1010 1258 1183 1340 denegatio
1207 1256 1468 1343 supplicationis)

291 1367 412 1431 nemini
428 1367 597 1448 occidisse3
621 1365 701 1430 mibi
713 1386 785 1430 cum
796 1387 857 1431 erro
871 1373 981 1447 sponte
995 1366 1180 1442 iocandum,
1205 1371 1273 1430 tam
1283 1365 1467 1443 iucundius,

291 1477 375 1560 qaod
394 1497 443 1542 mo
466 1477 592 1542 absente
612 1483 657 1540 est
680 1477 763 1540 cuim
790 1478 942 1563 εἰλικρινὲς
964 1477 1120 1542 iudicium
1136 1479 1205 1541 sinc
1228 1479 1467 1565 appropriatione,
1517 1559 1519 1564 Ι

291 1585 360 1649 siue
381 1586 491 1667 prolia
514 1589 625 1647 bostro
646 1604 734 1648 arom
758 1589 831 1648 aute
853 1585 937 1666 qaod
961 1583 1145 1649 Idibus...
1172 1601 1198 1648 e.
1217 1601 1290 1663 qs.
1316 1581 1380 1667 (sic
1400 1581 1466 1648 Me·

293 1688 426 1772 diceus),
449 1687 561 1754 facore
584 1707 648 1754 non
672 1707 801 1770 possum
827 1687 905 1769 quin
929 1689 1122 1754 Mommseni
1145 1689 1267 1770 verbis,
1292 1687 1347 1769 qui
1370 1687 1465 1770 legit:

291 1802 426 1865 obscure.
463 1799 594 1865 Etenim
606 1801 776 1886 εἰλικρινὲς.
791 1851 797 1864 .
812 1851 819 1865 .
832 1806 910 1883 erat.
933 1800 1018 1866 Aule
1030 1800 1114 1882 qood
1129 1851 1136 1865 .
1153 1852 1159 1864 .
1177 1851 1184 1864 .
1210 1798 1326 1865 Orellii
1339 1815 1464 1864 correc-

291 1915 398 1972 turam
412 1905 609 1972 lenissimam
623 1904 823 1987 praeferam:
837 1906 1049 1971 EromAnta'r‘.
1072 1891 1186 1987 Neque
1194 1905 1370 1986 quicquam
1383 1905 1460 1975 veri-

292 2013 428 2079 similius
444 2020 496 2078 est
512 2031 610 2092 quam
627 2012 816 2078 Ciceronem
834 2012 880 2079 ibi
896 2019 1094 2078 remoratum
1112 2013 1232 2080 esseio
1249 2014 1313 2079 fine
1329 2011 1457 2095 itineris,

292 2120 495 2202 praesertim,
513 2138 583 2185 cum
601 2120 640 2184 da
658 2137 758 2184 causa
775 2119 962 2202 Miloniana,
982 2137 1065 2200 qnae
1083 2119 1140 2202 agi
1155 2120 1298 2186 debebat
1310 2118 1462 2185 Cicerone

292 2225 491 2293 defendente
507 2229 588 2292 Non.
601 2226 678 2294 Mai.
693 2224 917 2291 nihilomnino
931 2225 1089 2291 traditum
1102 2226 1154 2292 sit.
1190 2227 1307 2306 ltaque
1320 2225 1464 2307 equidem

292 2342 369 2416 puto
378 2334 421 2400 M.
432 2333 576 2399 Tullium
590 2332 719 2399 omuino
732 2351 771 2398 eo
784 2345 941 2415 tempore,
956 2335 1175 2414 quoLangius
1186 2332 1466 2414 Rausohanusque
1575 2391 1576 2416 ἶ

290 2447 499 2522 eum-putant
512 2440 690 2505 orationem
706 2441 746 2504 da
760 2439 971 2521 haruspicum
985 2441 1153 2521 responsis
1165 2438 1331 2518 babuisse,
1345 2440 1467 2506 Romae

291 2566 354 2613 non
380 2545 497 2625 suisse3
532 2547 581 2612 sin
609 2546 656 2612 ibi
681 2547 754 2630 fuit,
786 2547 864 2626 quid
887 2548 943 2612 illo
967 2561 1114 2628 tempore
1139 2547 1178 2610 de
1203 2546 1374 2629 republica
1396 2565 1466 2613 sen·
1574 2615 1575 2630 χ

292 2655 382 2736 serit,
413 2654 533 2721 scimus
556 2673 652 2734 nunc,
681 2654 780 2735 idque
813 2654 944 2720 minime
977 2671 1049 2720 cum
1077 2654 1138 2733 his,
1171 2672 1255 2735 quae
1285 2652 1349 2721 viri
1381 2652 1467 2720 docti

292 2761 492 2842 existimant,
501 2761 684 2828 consentire
694 2761 886 2829 videbimus.
905 2760 1141 2846 Langius(ant.
1158 2761 1269 2827 Βοιῐι.2
1281 2760 1335 2827 ΙΙΙ
1346 2782 1377 2844 p.
1390 2759 1467 2846 330)

292 2867 388 2949 enim,
414 2868 467 2934 cui
489 2868 707 2935 Rausohenus
732 2868 805 2952 (1.1.
824 2867 960 2934 adubll
983 2888 1014 2950 p.
1033 2868 1088 2954 41)
1111 2868 1202 2935 nulla
1227 2886 1327 2933 causa
1350 2868 1468 2933 addita

292 2975 475 3041 assentitur
497 2975 582 3040 haec
605 2975 751 3056 profert:
782 2977 843 3040 Ais
871 2975 979 3041 Cicero
1008 2975 1060 3040 die
1082 2976 1172 3040 Rode
1202 2975 1240 3040 de
1262 2977 1468 3058 haruspicum

290 3103 439 3165 responso
463 3081 549 3159 nteit,
574 3082 658 3147 batte
682 3103 716 3148 er
739 3084 879 3163 offeabar
903 3084 956 3166 (os.
982 3081 1004 3166 ἕ
1030 3081 1082 3167 52)
1105 3083 1185 3147 boob
1214 3085 1303 3148 baiae
1325 3083 1468 3166 Almana

290 3211 350 3255 ooo
374 3189 443 3254 dem
465 3190 635 3274 Aufiropc
650 3189 704 3254 des
729 3188 965 3270 Pompeiusue
990 3191 1127 3272 Quintus
1152 3188 1262 3254 Oa'cero
1289 3188 1371 3272 (Cic.
1388 3190 1467 3273 som.

294 3297 321 3374 1,
348 3306 374 3375 9,
380 3298 429 3377 9),
454 3297 510 3360 aba
532 3317 573 3360 aa
596 3317 724 3361 warnero
746 3343 753 3360 .
778 3346 785 3360 .
876 3295 1028 3378 Dopapen
1051 3317 1119 3361 war
1142 3316 1175 3360 es
1198 3298 1266 3362 aine
1292 3296 1390 3379 Folpe
1410 3296 1468 3361 der

291 3405 471 3469 erbolteucu
497 3404 674 3487 Waruaap‚
700 3405 777 3468 dass
796 3403 904 3469 Cicero
927 3411 1041 3468 om15.
1060 3403 1135 3469 Mas
1151 3455 1157 3468 .
1176 3456 1182 3468 .
1201 3453 1207 3466 .
1232 3405 1316 3469 boob
1330 3404 1468 3468 Aritium

290 3531 452 3596 papoapeo
475 3531 551 3576 war.
589 3509 669 3574 Vult
692 3508 794 3592 igitur
819 3509 999 3574 orationem
1026 3507 1216 3575 Ciceronem
1240 3509 1396 3574 habuisse
1419 3507 1468 3574 iu·

292 3623 391 3682 eunte
415 3614 503 3680 Maio
527 3616 740 3696 nesciumque
768 3615 871 3682 inisse
901 3615 956 3681 illo
981 3622 1127 3698 tempore
1156 3635 1277 3694 eorum,
1309 3633 1393 3696 quae
1416 3616 1466 3682 Id.

292 3725 371 3804 Apr.
396 3725 506 3788 Lucae
529 3732 606 3788 acta
629 3728 722 3787 sunt:
750 3724 835 3803 quod
859 3738 1050 3804 perversum
1075 3739 1148 3788 esse
1171 3740 1267 3788 nemo
1282 3741 1346 3789 non
1365 3721 1465 3790 videt.

291 3829 405 3909 Neque
429 3827 448 3915 ξ
465 3827 507 3892 52
532 3827 669 3895 omuino
686 3831 726 3894 ad
751 3849 819 3895 rem
837 3827 1012 3909 quicquam
1036 3827 1142 3895 affort.
1182 3829 1221 3895 Iu
1238 3830 1340 3896 totius
1356 3834 1465 3896 autem

363 4043 398 4095 ¹ll
417 4043 450 4094 In
474 4042 515 4094 his
538 4043 636 4110 Langio
661 4042 802 4112 assentior,
821 4043 865 4112 qui
894 4041 986 4109 (antiq.
1014 4041 1106 4096 Rom.²
1130 4042 1180 4096 Ill.
1206 4043 1270 4110 330)
1294 4045 1371 4111 putat
1395 4043 1464 4112 opis·

291 4131 374 4185 tulum
411 4133 444 4185 ad
479 4132 622 4185 Lucceium
656 4134 702 4199 (=
730 4132 763 4185 ad
793 4131 845 4186 div.
874 4131 907 4199 V,
938 4130 982 4188 12)
1015 4132 1103 4184 datam
1132 4147 1191 4185 osso
1221 4149 1255 4186 ex
1290 4130 1336 4186 ilio
1360 4132 1461 4186 itinera.

291 4221 344 4274 Sed
368 4237 428 4274 cum
456 4221 553 4290 scripta
579 4221 613 4274 sit
639 4221 707 4274 iubar
728 4222 753 4272 V
774 4225 800 4274 st
825 4221 865 4274 VI
890 4219 948 4272 libri
973 4220 1012 4272 IV
1035 4221 1067 4273 ad
1092 4221 1224 4290 Atticum,
1252 4237 1305 4274 uon
1329 4220 1409 4290 dedit,
1433 4223 1462 4272 ut

290 4313 366 4380 putat
399 4311 443 4362 viri
468 4311 561 4364 doctus
591 4309 694 4378 „elatus
727 4309 834 4362 victoria
864 4312 967 4377 parta”‚
996 4311 1044 4362 sed
1078 4311 1130 4362 iam
1154 4311 1303 4364 altrisiatus
1331 4310 1410 4363 rebus
1434 4309 1462 4360 in

290 4399 424 4468 republica
455 4399 544 4468 gestis.
577 4399 610 4452 ci.
637 4399 717 4452 etiam
748 4416 789 4468 ep.
818 4399 858 4451 ad.
885 4398 936 4451 div,
973 4399 995 4464 Ι,
1026 4400 1051 4468 9,
1085 4399 1131 4452 ubi
1160 4400 1193 4452 de
1221 4400 1313 4453 eodem
1344 4401 1460 4466 tempora

290 4489 386 4546 scribit
