<?xml version="1.0" encoding="UTF-8"?>
<!DOCTYPE html PUBLIC "-//W3C//DTD XHTML 1.0 Transitional//EN"
    "http://www.w3.org/TR/xhtml1/DTD/xhtml1-transitional.dtd">
<html xmlns="http://www.w3.org/1999/xhtml" xml:lang="en" lang="en">
 <head>
  <title>
</title>
<meta http-equiv="Content-Type" content="text/html;charset=utf-8" />
  <meta name='ocr-system' content='tesseract 3.04.00' />
  <meta name='ocr-capabilities' content='ocr_page ocr_carea ocr_par ocr_line ocrx_word'/>
</head>
<body>
  <div class='ocr_page' id='page_1' title='image "./descholiiscicer00hildgoog_0029.png"; bbox 0 0 3230 5254; ppageno 0'>
   <div class='ocr_carea' id='block_1_1' title="bbox 903 408 947 478">
    <p class='ocr_par' dir='ltr' id='par_1_1' title="bbox 903 408 947 478">
     <span class='ocr_line' id='line_1_1' title="bbox 903 408 947 478; baseline -0.045 0"><span class='ocrx_word' id='word_1_1' title='bbox 903 408 947 478; x_wconf 79' lang='lat'><strong>20</strong></span> 
     </span>
    </p>
   </div>
   <div class='ocr_carea' id='block_1_2' title="bbox 308 607 1567 4549">
    <p class='ocr_par' dir='ltr' id='par_1_2' title="bbox 338 588 1567 3480">
     <span class='ocr_line' id='line_1_2' title="bbox 338 607 1517 690; baseline 0.002 -17"><span class='ocrx_word' id='word_1_2' title='bbox 338 607 404 674; x_wconf 90' lang='lat' dir='ltr'><strong>fine</strong></span> <span class='ocrx_word' id='word_1_3' title='bbox 454 645 499 654; x_wconf 97' lang='lat'><em>-</em></span> <span class='ocrx_word' id='word_1_4' title='bbox 544 615 690 675; x_wconf 87' lang='lat' dir='ltr'><strong>extrema</strong></span> <span class='ocrx_word' id='word_1_5' title='bbox 743 608 944 674; x_wconf 79' lang='lat' dir='ltr'><strong>Rabirianoe</strong></span> <span class='ocrx_word' id='word_1_6' title='bbox 997 609 1101 674; x_wconf 84' lang='lat' dir='ltr'><strong>verba</strong></span> <span class='ocrx_word' id='word_1_7' title='bbox 1146 607 1353 690; x_wconf 82' lang='lat' dir='ltr'><strong>excipiuntur</strong></span> <span class='ocrx_word' id='word_1_8' title='bbox 1399 607 1517 690; x_wconf 90' lang='lat' dir='ltr'><strong>primis</strong></span> 
     </span>
     <span class='ocr_line' id='line_1_3' title="bbox 340 714 1518 798; baseline 0.001 -18"><span class='ocrx_word' id='word_1_9' title='bbox 340 714 498 781; x_wconf 88' lang='lat' dir='ltr'><strong>orationis</strong></span> <span class='ocrx_word' id='word_1_10' title='bbox 533 734 590 795; x_wconf 93' lang='lat' dir='ltr'><strong>pro</strong></span> <span class='ocrx_word' id='word_1_11' title='bbox 629 714 703 779; x_wconf 80' lang='lat' dir='ltr'><strong>Sex.</strong></span> <span class='ocrx_word' id='word_1_12' title='bbox 750 714 870 782; x_wconf 83' lang='lat' dir='ltr'><strong>Roscio</strong></span> <span class='ocrx_word' id='word_1_13' title='bbox 906 715 1048 782; x_wconf 87' lang='lat' dir='ltr'><strong>habitae.</strong></span> <span class='ocrx_word' id='word_1_14' title='bbox 1096 715 1192 781; x_wconf 89' lang='lat' dir='ltr'><strong>Haec</strong></span> <span class='ocrx_word' id='word_1_15' title='bbox 1230 723 1315 798; x_wconf 87' lang='lat' dir='ltr'><strong>sunt,</strong></span> <span class='ocrx_word' id='word_1_16' title='bbox 1351 734 1436 796; x_wconf 87' lang='lat' dir='ltr'><strong>quae</strong></span> <span class='ocrx_word' id='word_1_17' title='bbox 1475 717 1518 781; x_wconf 91' lang='lat' dir='ltr'><strong>de</strong></span> 
     </span>
     <span class='ocr_line' id='line_1_4' title="bbox 341 821 1518 905; baseline 0 -18"><span class='ocrx_word' id='word_1_18' title='bbox 341 821 561 904; x_wconf 89' lang='lat' dir='ltr'><strong>palimpsestis</strong></span> <span class='ocrx_word' id='word_1_19' title='bbox 586 828 754 905; x_wconf 86' lang='lat' dir='ltr'><strong>comperto</strong></span> <span class='ocrx_word' id='word_1_20' title='bbox 784 822 952 888; x_wconf 84' lang='lat' dir='ltr'><strong>habemus.</strong></span> <span class='ocrx_word' id='word_1_21' title='bbox 999 826 1109 902; x_wconf 80' lang='lat' dir='ltr'><strong>Atque</strong></span> <span class='ocrx_word' id='word_1_22' title='bbox 1140 840 1211 888; x_wconf 87' lang='lat' dir='ltr'><strong>curu</strong></span> <span class='ocrx_word' id='word_1_23' title='bbox 1240 821 1292 887; x_wconf 90' lang='lat' dir='ltr'><strong>his</strong></span> <span class='ocrx_word' id='word_1_24' title='bbox 1315 822 1518 889; x_wconf 85' lang='lat' dir='ltr'><strong>Niebuhrins</strong></span> 
     </span>
     <span class='ocr_line' id='line_1_5' title="bbox 338 928 1518 1015; baseline -0.001 -20"><span class='ocrx_word' id='word_1_25' title='bbox 338 948 397 995; x_wconf 90' lang='lat' dir='ltr'><strong>suo</strong></span> <span class='ocrx_word' id='word_1_26' title='bbox 434 928 505 994; x_wconf 89' lang='lat' dir='ltr'><strong>iore</strong></span> <span class='ocrx_word' id='word_1_27' title='bbox 544 929 748 1010; x_wconf 87' lang='lat' dir='ltr'><strong>comparavit</strong></span> <span class='ocrx_word' id='word_1_28' title='bbox 781 929 814 1014; x_wconf 85' lang='lat' dir='ltr'><strong>(l.</strong></span> <span class='ocrx_word' id='word_1_29' title='bbox 839 930 861 995; x_wconf 95' lang='lat' dir='ltr'><strong>l.</strong></span> <span class='ocrx_word' id='word_1_30' title='bbox 889 949 919 1011; x_wconf 93' lang='lat' dir='ltr'><strong>p.</strong></span> <span class='ocrx_word' id='word_1_31' title='bbox 944 929 986 993; x_wconf 82' lang='lat'><strong>66</strong></span> <span class='ocrx_word' id='word_1_32' title='bbox 1017 929 1111 1015; x_wconf 83' lang='lat' dir='ltr'><strong>sqq),</strong></span> <span class='ocrx_word' id='word_1_33' title='bbox 1151 947 1236 1009; x_wconf 85' lang='lat' dir='ltr'><strong>quae</strong></span> <span class='ocrx_word' id='word_1_34' title='bbox 1273 930 1314 995; x_wconf 90' lang='lat' dir='ltr'><strong>de</strong></span> <span class='ocrx_word' id='word_1_35' title='bbox 1346 929 1460 996; x_wconf 92' lang='lat' dir='ltr'><strong>codice</strong></span> <span class='ocrx_word' id='word_1_36' title='bbox 1497 948 1518 994; x_wconf 87' lang='lat' dir='ltr'><strong>a</strong></span> 
     </span>
     <span class='ocr_line' id='line_1_6' title="bbox 339 1035 1519 1120; baseline -0.001 -18"><span class='ocrx_word' id='word_1_37' title='bbox 339 1036 463 1118; x_wconf 82' lang='lat' dir='ltr'><strong>Poggio</strong></span> <span class='ocrx_word' id='word_1_38' title='bbox 500 1036 635 1104; x_wconf 89' lang='lat' dir='ltr'><strong>invento</strong></span> <span class='ocrx_word' id='word_1_39' title='bbox 672 1035 801 1103; x_wconf 89' lang='lat' dir='ltr'><strong>scimus.</strong></span> <span class='ocrx_word' id='word_1_40' title='bbox 864 1035 997 1102; x_wconf 79' lang='lat' dir='ltr'>Etenim</span> <span class='ocrx_word' id='word_1_41' title='bbox 1033 1054 1229 1117; x_wconf 89' lang='lat' dir='ltr'><strong>quamquam</strong></span> <span class='ocrx_word' id='word_1_42' title='bbox 1250 1036 1400 1120; x_wconf 87' lang='lat' dir='ltr'><strong>omniuo,</strong></span> <span class='ocrx_word' id='word_1_43' title='bbox 1437 1041 1519 1116; x_wconf 90' lang='lat' dir='ltr'><strong>quot</strong></span> 
     </span>
     <span class='ocr_line' id='line_1_7' title="bbox 340 1142 1516 1228; baseline -0.002 -18"><span class='ocrx_word' id='word_1_44' title='bbox 340 1142 495 1224; x_wconf 89' lang='lat' dir='ltr'><strong>cuiusque</strong></span> <span class='ocrx_word' id='word_1_45' title='bbox 527 1143 657 1225; x_wconf 83' lang='lat' dir='ltr'><strong>generis</strong></span> <span class='ocrx_word' id='word_1_46' title='bbox 688 1143 926 1225; x_wconf 88' lang='lat' dir='ltr'><strong>manuscriptos</strong></span> <span class='ocrx_word' id='word_1_47' title='bbox 961 1143 1061 1210; x_wconf 91' lang='lat' dir='ltr'><strong>libros</strong></span> <span class='ocrx_word' id='word_1_48' title='bbox 1092 1143 1276 1227; x_wconf 85' lang='lat' dir='ltr'><strong>invenerit,</strong></span> <span class='ocrx_word' id='word_1_49' title='bbox 1307 1143 1516 1228; x_wconf 83' lang='lat' dir='ltr'><strong>ignoramus,</strong></span> 
     </span>
     <span class='ocr_line' id='line_1_8' title="bbox 339 1249 1517 1334; baseline 0 -18"><span class='ocrx_word' id='word_1_50' title='bbox 339 1257 446 1316; x_wconf 88' lang='lat' dir='ltr'><strong>tamen</strong></span> <span class='ocrx_word' id='word_1_51' title='bbox 471 1250 534 1315; x_wconf 91' lang='lat' dir='ltr'><strong>hoc</strong></span> <span class='ocrx_word' id='word_1_52' title='bbox 556 1261 681 1316; x_wconf 89' lang='lat' dir='ltr'><strong>certum</strong></span> <span class='ocrx_word' id='word_1_53' title='bbox 698 1257 748 1317; x_wconf 89' lang='lat' dir='ltr'><strong>est</strong></span> <span class='ocrx_word' id='word_1_54' title='bbox 762 1249 978 1317; x_wconf 79' lang='lat' dir='ltr'><strong>Rabirianam</strong></span> <span class='ocrx_word' id='word_1_55' title='bbox 993 1250 1027 1316; x_wconf 94' lang='lat' dir='ltr'><strong>in</strong></span> <span class='ocrx_word' id='word_1_56' title='bbox 1040 1268 1090 1334; x_wconf 87' lang='lat' dir='ltr'><strong>eo,</strong></span> <span class='ocrx_word' id='word_1_57' title='bbox 1115 1269 1177 1331; x_wconf 90' lang='lat' dir='ltr'><strong>quo</strong></span> <span class='ocrx_word' id='word_1_58' title='bbox 1192 1251 1377 1333; x_wconf 84' lang='lat' dir='ltr'><strong>legebatur,</strong></span> <span class='ocrx_word' id='word_1_59' title='bbox 1401 1249 1517 1317; x_wconf 90' lang='lat' dir='ltr'><strong>codice</strong></span> 
     </span>
     <span class='ocr_line' id='line_1_9' title="bbox 340 1356 1515 1441; baseline 0 -19"><span class='ocrx_word' id='word_1_60' title='bbox 340 1364 511 1439; x_wconf 82' lang='lat' dir='ltr'>exceptam</span> <span class='ocrx_word' id='word_1_61' title='bbox 550 1375 623 1422; x_wconf 91' lang='lat' dir='ltr'><strong>esse</strong></span> <span class='ocrx_word' id='word_1_62' title='bbox 668 1357 814 1424; x_wconf 89' lang='lat' dir='ltr'><strong>oratione</strong></span> <span class='ocrx_word' id='word_1_63' title='bbox 850 1376 908 1440; x_wconf 88' lang='lat' dir='ltr'><strong>pro</strong></span> <span class='ocrx_word' id='word_1_64' title='bbox 944 1357 979 1441; x_wconf 83' lang='lat' dir='ltr'><strong>Q.</strong></span> <span class='ocrx_word' id='word_1_65' title='bbox 1012 1356 1132 1424; x_wconf 87' lang='lat' dir='ltr'><strong>Roscio</strong></span> <span class='ocrx_word' id='word_1_66' title='bbox 1168 1357 1292 1424; x_wconf 86' lang='lat' dir='ltr'><strong>habita.</strong></span> <span class='ocrx_word' id='word_1_67' title='bbox 1349 1358 1420 1422; x_wconf 90' lang='lat' dir='ltr'><strong>Iam</strong></span> <span class='ocrx_word' id='word_1_68' title='bbox 1454 1358 1515 1423; x_wconf 89' lang='lat' dir='ltr'><strong>hoc</strong></span> 
     </span>
     <span class='ocr_line' id='line_1_10' title="bbox 340 1463 1514 1547; baseline 0.002 -19"><span class='ocrx_word' id='word_1_69' title='bbox 340 1464 446 1529; x_wconf 82' lang='lat' dir='ltr'><strong>fretus</strong></span> <span class='ocrx_word' id='word_1_70' title='bbox 470 1464 507 1530; x_wconf 91' lang='lat' dir='ltr'>N</span> <span class='ocrx_word' id='word_1_71' title='bbox 508 1463 676 1531; x_wconf 90' lang='lat' dir='ltr'><strong>iebuhrius</strong></span> <span class='ocrx_word' id='word_1_72' title='bbox 701 1464 842 1532; x_wconf 90' lang='lat' dir='ltr'><strong>coniecit</strong></span> <span class='ocrx_word' id='word_1_73' title='bbox 874 1471 1005 1547; x_wconf 88' lang='lat' dir='ltr'><strong>partem</strong></span> <span class='ocrx_word' id='word_1_74' title='bbox 1035 1463 1217 1532; x_wconf 88' lang='lat' dir='ltr'><strong>orationum</strong></span> <span class='ocrx_word' id='word_1_75' title='bbox 1242 1483 1283 1529; x_wconf 89' lang='lat' dir='ltr'><strong>ex</strong></span> <span class='ocrx_word' id='word_1_76' title='bbox 1313 1467 1399 1531; x_wconf 91' lang='lat' dir='ltr'><strong>serie</strong></span> <span class='ocrx_word' id='word_1_77' title='bbox 1427 1463 1514 1531; x_wconf 86' lang='lat' dir='ltr'><strong>litte-</strong></span> 
     </span>
     <span class='ocr_line' id='line_1_11' title="bbox 339 1570 1512 1655; baseline 0.003 -20"><span class='ocrx_word' id='word_1_78' title='bbox 339 1588 451 1636; x_wconf 90' lang='lat' dir='ltr'><strong>rarum</strong></span> <span class='ocrx_word' id='word_1_79' title='bbox 474 1570 668 1652; x_wconf 80' lang='lat' dir='ltr'><strong>dispositam</strong></span> <span class='ocrx_word' id='word_1_80' title='bbox 692 1589 773 1638; x_wconf 88' lang='lat' dir='ltr'><strong>esse.</strong></span> <span class='ocrx_word' id='word_1_81' title='bbox 821 1574 931 1652; x_wconf 88' lang='lat' dir='ltr'><strong>Atque</strong></span> <span class='ocrx_word' id='word_1_82' title='bbox 955 1573 1003 1638; x_wconf 84' lang='lat' dir='ltr'><strong>ite</strong></span> <span class='ocrx_word' id='word_1_83' title='bbox 1027 1573 1087 1640; x_wconf 92' lang='lat' dir='ltr'><strong>hoc</strong></span> <span class='ocrx_word' id='word_1_84' title='bbox 1110 1571 1234 1639; x_wconf 83' lang='lat' dir='ltr'><strong>facturn</strong></span> <span class='ocrx_word' id='word_1_85' title='bbox 1262 1591 1333 1640; x_wconf 91' lang='lat' dir='ltr'><strong>esse</strong></span> <span class='ocrx_word' id='word_1_86' title='bbox 1357 1571 1421 1639; x_wconf 90' lang='lat' dir='ltr'><strong>sibi</strong></span> <span class='ocrx_word' id='word_1_87' title='bbox 1444 1590 1512 1655; x_wconf 90' lang='lat' dir='ltr'><strong>per·</strong></span> 
     </span>
     <span class='ocr_line' id='line_1_12' title="bbox 341 1677 1567 1763; baseline 0.002 -20"><span class='ocrx_word' id='word_1_88' title='bbox 341 1677 455 1760; x_wconf 87' lang='lat' dir='ltr'><strong>suasit,</strong></span> <span class='ocrx_word' id='word_1_89' title='bbox 480 1683 574 1742; x_wconf 87' lang='lat' dir='ltr'><strong>utet</strong></span> <span class='ocrx_word' id='word_1_90' title='bbox 609 1677 785 1760; x_wconf 85' lang='lat' dir='ltr'><strong>orationes,</strong></span> <span class='ocrx_word' id='word_1_91' title='bbox 815 1697 897 1760; x_wconf 87' lang='lat' dir='ltr'><strong>qnae</strong></span> <span class='ocrx_word' id='word_1_92' title='bbox 926 1679 1028 1745; x_wconf 88' lang='lat' dir='ltr'><strong>libros</strong></span> <span class='ocrx_word' id='word_1_93' title='bbox 1055 1677 1204 1762; x_wconf 85' lang='lat' dir='ltr'><strong>integros</strong></span> <span class='ocrx_word' id='word_1_94' title='bbox 1235 1679 1436 1763; x_wconf 86' lang='lat' dir='ltr'><strong>efficiebant,</strong></span> <span class='ocrx_word' id='word_1_95' title='bbox 1472 1687 1511 1763; x_wconf 84' lang='lat' dir='ltr'><strong>et,</strong></span> <span class='ocrx_word' id='word_1_96' title='bbox 1566 1711 1567 1732; x_wconf 67' lang='lat'>2</span> 
     </span>
     <span class='ocr_line' id='line_1_13' title="bbox 343 1782 1510 1870; baseline 0.002 -20"><span class='ocrx_word' id='word_1_97' title='bbox 343 1785 484 1866; x_wconf 91' lang='lat' dir='ltr'><strong>quaein</strong></span> <span class='ocrx_word' id='word_1_98' title='bbox 508 1782 627 1849; x_wconf 88' lang='lat' dir='ltr'><strong>scholis</strong></span> <span class='ocrx_word' id='word_1_99' title='bbox 657 1786 828 1851; x_wconf 85' lang='lat' dir='ltr'><strong>rhetorum</strong></span> <span class='ocrx_word' id='word_1_100' title='bbox 864 1789 1104 1868; x_wconf 86' lang='lat' dir='ltr'><strong>tractabantur,</strong></span> <span class='ocrx_word' id='word_1_101' title='bbox 1129 1793 1171 1870; x_wconf 88' lang='lat' dir='ltr'><strong>et,</strong></span> <span class='ocrx_word' id='word_1_102' title='bbox 1197 1805 1281 1868; x_wconf 86' lang='lat' dir='ltr'><strong>quae</strong></span> <span class='ocrx_word' id='word_1_103' title='bbox 1312 1787 1355 1853; x_wconf 92' lang='lat' dir='ltr'><strong>ad</strong></span> <span class='ocrx_word' id='word_1_104' title='bbox 1386 1786 1510 1852; x_wconf 88' lang='lat' dir='ltr'><strong>histori·</strong></span> 
     </span>
     <span class='ocr_line' id='line_1_14' title="bbox 342 1891 1567 1976; baseline 0.001 -20"><span class='ocrx_word' id='word_1_105' title='bbox 342 1911 394 1956; x_wconf 88' lang='lat' dir='ltr'><strong>am</strong></span> <span class='ocrx_word' id='word_1_106' title='bbox 418 1891 584 1958; x_wconf 78' lang='lat' dir='ltr'><strong>Ciceronis</strong></span> <span class='ocrx_word' id='word_1_107' title='bbox 620 1894 827 1974; x_wconf 85' lang='lat' dir='ltr'><strong>spectabant,</strong></span> <span class='ocrx_word' id='word_1_108' title='bbox 858 1895 1039 1975; x_wconf 86' lang='lat' dir='ltr'><strong>separatim</strong></span> <span class='ocrx_word' id='word_1_109' title='bbox 1070 1894 1181 1961; x_wconf 86' lang='lat' dir='ltr'><strong>editae</strong></span> <span class='ocrx_word' id='word_1_110' title='bbox 1217 1902 1338 1976; x_wconf 84' lang='lat' dir='ltr'><strong>essent,</strong></span> <span class='ocrx_word' id='word_1_111' title='bbox 1368 1895 1508 1975; x_wconf 86' lang='lat' dir='ltr'><strong>reliquae</strong></span> <span class='ocrx_word' id='word_1_112' title='bbox 1566 1895 1567 1944; x_wconf 73' lang='lat' dir='ltr'><strong>l</strong></span> 
     </span>
     <span class='ocr_line' id='line_1_15' title="bbox 341 1997 1506 2084; baseline 0.002 -19"><span class='ocrx_word' id='word_1_113' title='bbox 341 2000 517 2065; x_wconf 91' lang='lat' dir='ltr'><strong>secundum</strong></span> <span class='ocrx_word' id='word_1_114' title='bbox 539 1998 670 2065; x_wconf 88' lang='lat' dir='ltr'><strong>litteras</strong></span> <span class='ocrx_word' id='word_1_115' title='bbox 701 2017 736 2065; x_wconf 90' lang='lat' dir='ltr'><strong>se</strong></span> <span class='ocrx_word' id='word_1_116' title='bbox 767 1997 970 2082; x_wconf 81' lang='lat' dir='ltr'><strong>exciperent.</strong></span> <span class='ocrx_word' id='word_1_117' title='bbox 1000 2000 1107 2084; x_wconf 72' lang='lat' dir='ltr'><strong>Quae</strong></span> <span class='ocrx_word' id='word_1_118' title='bbox 1138 2002 1305 2068; x_wconf 84' lang='lat' dir='ltr'><strong>sententia</strong></span> <span class='ocrx_word' id='word_1_119' title='bbox 1333 2020 1429 2081; x_wconf 91' lang='lat' dir='ltr'><strong>quam</strong></span> <span class='ocrx_word' id='word_1_120' title='bbox 1457 2001 1506 2066; x_wconf 86' lang='lat' dir='ltr'><strong>lm·</strong></span> 
     </span>
     <span class='ocr_line' id='line_1_16' title="bbox 341 2100 1506 2202; baseline 0.002 -33"><span class='ocrx_word' id='word_1_121' title='bbox 341 2103 521 2202; x_wconf 89' lang='lat' dir='ltr'><strong>probabilis</strong></span> <span class='ocrx_word' id='word_1_122' title='bbox 555 2115 654 2188; x_wconf 87' lang='lat' dir='ltr'><strong>esset,</strong></span> <span class='ocrx_word' id='word_1_123' title='bbox 690 2105 761 2187; x_wconf 89' lang='lat' dir='ltr'><strong>ipse</strong></span> <span class='ocrx_word' id='word_1_124' title='bbox 795 2108 1043 2174; x_wconf 89' lang='lat' dir='ltr'><strong>demonstravit.</strong></span> <span class='ocrx_word' id='word_1_125' title='bbox 1090 2100 1248 2190; x_wconf 85' lang='lat' dir='ltr'><strong>Namque,</strong></span> <span class='ocrx_word' id='word_1_126' title='bbox 1285 2127 1358 2174; x_wconf 90' lang='lat' dir='ltr'><strong>cum</strong></span> <span class='ocrx_word' id='word_1_127' title='bbox 1393 2127 1506 2174; x_wconf 89' lang='lat' dir='ltr'><strong>summa</strong></span> 
     </span>
     <span class='ocr_line' id='line_1_17' title="bbox 340 2211 1498 2298; baseline -0.001 -22"><span class='ocrx_word' id='word_1_128' title='bbox 340 2211 476 2278; x_wconf 87' lang='lat' dir='ltr'><strong>licentia</strong></span> <span class='ocrx_word' id='word_1_129' title='bbox 502 2213 554 2278; x_wconf 89' lang='lat' dir='ltr'><strong>vel</strong></span> <span class='ocrx_word' id='word_1_130' title='bbox 579 2213 655 2278; x_wconf 81' lang='lat' dir='ltr'><strong>huin</strong></span> <span class='ocrx_word' id='word_1_131' title='bbox 679 2213 734 2279; x_wconf 92' lang='lat' dir='ltr'><strong>vel</strong></span> <span class='ocrx_word' id='word_1_132' title='bbox 756 2213 805 2279; x_wconf 90' lang='lat' dir='ltr'><strong>illi</strong></span> <span class='ocrx_word' id='word_1_133' title='bbox 828 2213 955 2296; x_wconf 79' lang='lat' dir='ltr'><strong>corpori</strong></span> <span class='ocrx_word' id='word_1_134' title='bbox 986 2215 1151 2282; x_wconf 87' lang='lat' dir='ltr'><strong>orationes</strong></span> <span class='ocrx_word' id='word_1_135' title='bbox 1168 2215 1386 2298; x_wconf 85' lang='lat' dir='ltr'><strong>attribuisset,</strong></span> <span class='ocrx_word' id='word_1_136' title='bbox 1403 2224 1498 2280; x_wconf 86' lang='lat' dir='ltr'><strong>tamen</strong></span> 
     </span>
     <span class='ocr_line' id='line_1_18' title="bbox 342 2319 1496 2406; baseline -0.003 -22"><span class='ocrx_word' id='word_1_137' title='bbox 342 2325 473 2385; x_wconf 84' lang='lat' dir='ltr'><strong>coactus</strong></span> <span class='ocrx_word' id='word_1_138' title='bbox 498 2326 548 2385; x_wconf 89' lang='lat' dir='ltr'><strong>est</strong></span> <span class='ocrx_word' id='word_1_139' title='bbox 570 2319 796 2387; x_wconf 88' lang='lat' dir='ltr'><strong>Murenianam</strong></span> <span class='ocrx_word' id='word_1_140' title='bbox 820 2323 854 2388; x_wconf 94' lang='lat' dir='ltr'><strong>in</strong></span> <span class='ocrx_word' id='word_1_141' title='bbox 878 2321 991 2388; x_wconf 90' lang='lat' dir='ltr'><strong>ultimo</strong></span> <span class='ocrx_word' id='word_1_142' title='bbox 1015 2320 1128 2388; x_wconf 87' lang='lat' dir='ltr'><strong>ordine</strong></span> <span class='ocrx_word' id='word_1_143' title='bbox 1152 2341 1284 2406; x_wconf 92' lang='lat' dir='ltr'><strong>ponere,</strong></span> <span class='ocrx_word' id='word_1_144' title='bbox 1308 2323 1342 2388; x_wconf 90' lang='lat' dir='ltr'><strong>in</strong></span> <span class='ocrx_word' id='word_1_145' title='bbox 1365 2341 1420 2401; x_wconf 89' lang='lat' dir='ltr'><strong>quo</strong></span> <span class='ocrx_word' id='word_1_146' title='bbox 1435 2327 1496 2384; x_wconf 88' lang='lat' dir='ltr'><strong>ton·</strong></span> 
     </span>
     <span class='ocr_line' id='line_1_19' title="bbox 342 2425 1567 2511; baseline -0.002 -20"><span class='ocrx_word' id='word_1_147' title='bbox 342 2435 410 2491; x_wconf 89' lang='lat' dir='ltr'><strong>turn</strong></span> <span class='ocrx_word' id='word_1_148' title='bbox 435 2445 519 2506; x_wconf 86' lang='lat' dir='ltr'><strong>quae</strong></span> <span class='ocrx_word' id='word_1_149' title='bbox 541 2425 662 2493; x_wconf 90' lang='lat' dir='ltr'><strong>litteris</strong></span> <span class='ocrx_word' id='word_1_150' title='bbox 686 2426 802 2510; x_wconf 82' lang='lat' dir='ltr'>GPQR</span> <span class='ocrx_word' id='word_1_151' title='bbox 825 2428 987 2511; x_wconf 88' lang='lat' dir='ltr'><strong>incipiunt</strong></span> <span class='ocrx_word' id='word_1_152' title='bbox 1011 2448 1083 2496; x_wconf 88' lang='lat' dir='ltr'><strong>esse</strong></span> <span class='ocrx_word' id='word_1_153' title='bbox 1107 2429 1222 2498; x_wconf 86' lang='lat' dir='ltr'><strong>voluit.</strong></span> <span class='ocrx_word' id='word_1_154' title='bbox 1270 2431 1345 2511; x_wconf 82' lang='lat' dir='ltr'><strong>Sed,</strong></span> <span class='ocrx_word' id='word_1_155' title='bbox 1370 2427 1397 2494; x_wconf 93' lang='lat' dir='ltr'><strong>si</strong></span> <span class='ocrx_word' id='word_1_156' title='bbox 1417 2425 1499 2491; x_wconf 91' lang='lat' dir='ltr'><strong>modo</strong></span> <span class='ocrx_word' id='word_1_157' title='bbox 1566 2469 1567 2478; x_wconf 22' lang='grc' dir='ltr'>η</span> 
     </span>
     <span class='ocr_line' id='line_1_20' title="bbox 342 2525 1506 2620; baseline -0.004 -20"><span class='ocrx_word' id='word_1_158' title='bbox 342 2538 433 2600; x_wconf 87' lang='lat' dir='ltr'><strong>recta</strong></span> <span class='ocrx_word' id='word_1_159' title='bbox 456 2525 542 2615; x_wconf 85' lang='lat' dir='ltr'><strong>sunt,</strong></span> <span class='ocrx_word' id='word_1_160' title='bbox 567 2553 650 2614; x_wconf 89' lang='lat' dir='ltr'><strong>quae</strong></span> <span class='ocrx_word' id='word_1_161' title='bbox 674 2543 773 2601; x_wconf 90' lang='lat' dir='ltr'><strong>antea</strong></span> <span class='ocrx_word' id='word_1_162' title='bbox 808 2536 1055 2620; x_wconf 86' lang='lat' dir='ltr'><strong>disputavimus,</strong></span> <span class='ocrx_word' id='word_1_163' title='bbox 1087 2545 1227 2620; x_wconf 89' lang='lat' dir='ltr'><strong>apparet</strong></span> <span class='ocrx_word' id='word_1_164' title='bbox 1263 2536 1345 2602; x_wconf 87' lang='lat' dir='ltr'><strong>talia</strong></span> <span class='ocrx_word' id='word_1_165' title='bbox 1380 2549 1506 2618; x_wconf 90' lang='lat' dir='ltr'><strong>corpora</strong></span> 
     </span>
     <span class='ocr_line' id='line_1_21' title="bbox 342 2640 1507 2727; baseline -0.003 -21"><span class='ocrx_word' id='word_1_166' title='bbox 342 2659 404 2706; x_wconf 90' lang='lat' dir='ltr'><strong>uno</strong></span> <span class='ocrx_word' id='word_1_167' title='bbox 434 2640 612 2722; x_wconf 89' lang='lat' dir='ltr'><strong>eodemque</strong></span> <span class='ocrx_word' id='word_1_168' title='bbox 644 2651 791 2724; x_wconf 89' lang='lat' dir='ltr'><strong>ternpore</strong></span> <span class='ocrx_word' id='word_1_169' title='bbox 822 2641 915 2709; x_wconf 85' lang='lat' dir='ltr'><strong>iacta</strong></span> <span class='ocrx_word' id='word_1_170' title='bbox 947 2662 1018 2710; x_wconf 88' lang='lat' dir='ltr'><strong>esse</strong></span> <span class='ocrx_word' id='word_1_171' title='bbox 1047 2663 1111 2710; x_wconf 93' lang='lat' dir='ltr'><strong>non</strong></span> <span class='ocrx_word' id='word_1_172' title='bbox 1141 2663 1246 2727; x_wconf 89' lang='lat' dir='ltr'><strong>posse.</strong></span> <span class='ocrx_word' id='word_1_173' title='bbox 1307 2647 1375 2710; x_wconf 89' lang='lat' dir='ltr'><strong>Aut</strong></span> <span class='ocrx_word' id='word_1_174' title='bbox 1405 2657 1507 2707; x_wconf 89' lang='lat' dir='ltr'><strong>omnes</strong></span> 
     </span>
     <span class='ocr_line' id='line_1_22' title="bbox 343 2746 1508 2833; baseline 0 -21"><span class='ocrx_word' id='word_1_175' title='bbox 343 2746 509 2813; x_wconf 88' lang='lat' dir='ltr'><strong>orationes</strong></span> <span class='ocrx_word' id='word_1_176' title='bbox 540 2767 582 2813; x_wconf 88' lang='lat' dir='ltr'><strong>ex</strong></span> <span class='ocrx_word' id='word_1_177' title='bbox 616 2750 804 2815; x_wconf 89' lang='lat' dir='ltr'><strong>litterarum</strong></span> <span class='ocrx_word' id='word_1_178' title='bbox 835 2757 893 2815; x_wconf 88' lang='lat' dir='ltr'><strong>aut</strong></span> <span class='ocrx_word' id='word_1_179' title='bbox 928 2769 968 2815; x_wconf 83' lang='lat' dir='ltr'><strong>ex</strong></span> <span class='ocrx_word' id='word_1_180' title='bbox 1002 2758 1184 2833; x_wconf 88' lang='lat' dir='ltr'><strong>temporum</strong></span> <span class='ocrx_word' id='word_1_181' title='bbox 1219 2751 1304 2818; x_wconf 89' lang='lat' dir='ltr'><strong>serio</strong></span> <span class='ocrx_word' id='word_1_182' title='bbox 1338 2747 1508 2833; x_wconf 83' lang='lat' dir='ltr'><strong>dispositae</strong></span> 
     </span>
     <span class='ocr_line' id='line_1_23' title="bbox 343 2854 1510 2939; baseline 0.002 -21"><span class='ocrx_word' id='word_1_183' title='bbox 343 2860 430 2920; x_wconf 88' lang='lat' dir='ltr'><strong>sunt.</strong></span> <span class='ocrx_word' id='word_1_184' title='bbox 477 2857 586 2935; x_wconf 87' lang='lat' dir='ltr'><strong>Atque</strong></span> <span class='ocrx_word' id='word_1_185' title='bbox 610 2854 644 2919; x_wconf 90' lang='lat' dir='ltr'><strong>id</strong></span> <span class='ocrx_word' id='word_1_186' title='bbox 668 2858 740 2938; x_wconf 85' lang='lat' dir='ltr'><strong>ipsa</strong></span> <span class='ocrx_word' id='word_1_187' title='bbox 763 2857 863 2922; x_wconf 85' lang='lat' dir='ltr'><strong>tertia</strong></span> <span class='ocrx_word' id='word_1_188' title='bbox 887 2876 996 2939; x_wconf 84' lang='lat' dir='ltr'><strong>causa,</strong></span> <span class='ocrx_word' id='word_1_189' title='bbox 1022 2876 1120 2938; x_wconf 89' lang='lat' dir='ltr'><strong>quam</strong></span> <span class='ocrx_word' id='word_1_190' title='bbox 1144 2858 1344 2926; x_wconf 90' lang='lat' dir='ltr'><strong>Niebuhrius</strong></span> <span class='ocrx_word' id='word_1_191' title='bbox 1375 2859 1418 2923; x_wconf 85' lang='lat' dir='ltr'><strong>ad</strong></span> <span class='ocrx_word' id='word_1_192' title='bbox 1445 2875 1510 2938; x_wconf 90' lang='lat' dir='ltr'><strong>pro·</strong></span> 
     </span>
     <span class='ocr_line' id='line_1_24' title="bbox 344 2962 1510 3045; baseline 0.003 -19"><span class='ocrx_word' id='word_1_193' title='bbox 344 2962 485 3026; x_wconf 80' lang='lat' dir='ltr'><strong>bundam</strong></span> <span class='ocrx_word' id='word_1_194' title='bbox 509 2980 602 3026; x_wconf 92' lang='lat' dir='ltr'><strong>suam</strong></span> <span class='ocrx_word' id='word_1_195' title='bbox 627 2962 812 3044; x_wconf 89' lang='lat' dir='ltr'><strong>opinionem</strong></span> <span class='ocrx_word' id='word_1_196' title='bbox 828 2963 948 3045; x_wconf 86' lang='lat' dir='ltr'><strong>attulit,</strong></span> <span class='ocrx_word' id='word_1_197' title='bbox 974 2966 1192 3032; x_wconf 89' lang='lat' dir='ltr'><strong>demonstrari</strong></span> <span class='ocrx_word' id='word_1_198' title='bbox 1208 2965 1348 3035; x_wconf 86' lang='lat' dir='ltr'><strong>videtur.</strong></span> <span class='ocrx_word' id='word_1_199' title='bbox 1394 2966 1510 3030; x_wconf 92' lang='lat' dir='ltr'><strong>Provo-</strong></span> 
     </span>
     <span class='ocr_line' id='line_1_25' title="bbox 348 3067 1511 3153; baseline 0.003 -21"><span class='ocrx_word' id='word_1_200' title='bbox 348 3067 438 3135; x_wconf 85' lang='lat' dir='ltr'><strong>cuvit</strong></span> <span class='ocrx_word' id='word_1_201' title='bbox 471 3067 556 3134; x_wconf 89' lang='lat' dir='ltr'><strong>onim</strong></span> <span class='ocrx_word' id='word_1_202' title='bbox 591 3070 634 3134; x_wconf 89' lang='lat' dir='ltr'><strong>ad</strong></span> <span class='ocrx_word' id='word_1_203' title='bbox 669 3069 815 3137; x_wconf 92' lang='lat' dir='ltr'><strong>ordinem</strong></span> <span class='ocrx_word' id='word_1_204' title='bbox 850 3071 904 3138; x_wconf 90' lang='lat' dir='ltr'><strong>vel</strong></span> <span class='ocrx_word' id='word_1_205' title='bbox 939 3070 1046 3153; x_wconf 88' lang='lat' dir='ltr'><strong>potins</strong></span> <span class='ocrx_word' id='word_1_206' title='bbox 1084 3072 1307 3140; x_wconf 83' lang='lat' dir='ltr'><strong>confusionem</strong></span> <span class='ocrx_word' id='word_1_207' title='bbox 1341 3072 1376 3138; x_wconf 91' lang='lat' dir='ltr'><strong>in</strong></span> <span class='ocrx_word' id='word_1_208' title='bbox 1405 3071 1511 3138; x_wconf 92' lang='lat' dir='ltr'><strong>codice</strong></span> 
     </span>
     <span class='ocr_line' id='line_1_26' title="bbox 344 3173 1510 3265; baseline 0.003 -26"><span class='ocrx_word' id='word_1_209' title='bbox 344 3173 507 3241; x_wconf 88' lang='lat' dir='ltr'><strong>Vaticano</strong></span> <span class='ocrx_word' id='word_1_210' title='bbox 521 3175 686 3242; x_wconf 88' lang='lat' dir='ltr'><strong>Basilicae</strong></span> <span class='ocrx_word' id='word_1_211' title='bbox 699 3179 739 3242; x_wconf 95' lang='lat' dir='ltr'><strong>H.</strong></span> <span class='ocrx_word' id='word_1_212' title='bbox 754 3180 806 3246; x_wconf 76' lang='lat'><strong>25.</strong></span> <span class='ocrx_word' id='word_1_213' title='bbox 831 3178 871 3244; x_wconf 94' lang='lat' dir='ltr'><strong>In</strong></span> <span class='ocrx_word' id='word_1_214' title='bbox 883 3178 939 3245; x_wconf 92' lang='lat' dir='ltr'><strong>illo</strong></span> <span class='ocrx_word' id='word_1_215' title='bbox 956 3179 1004 3245; x_wconf 86' lang='lat' dir='ltr'><strong>ita</strong></span> <span class='ocrx_word' id='word_1_216' title='bbox 1017 3198 1071 3245; x_wconf 90' lang='lat' dir='ltr'><strong>res</strong></span> <span class='ocrx_word' id='word_1_217' title='bbox 1084 3198 1119 3246; x_wconf 90' lang='lat' dir='ltr'><strong>se</strong></span> <span class='ocrx_word' id='word_1_218' title='bbox 1131 3180 1232 3248; x_wconf 89' lang='lat' dir='ltr'><strong>habet</strong></span> <span class='ocrx_word' id='word_1_219' title='bbox 1248 3181 1303 3265; x_wconf 85' lang='lat' dir='ltr'><strong>(cf.</strong></span> <span class='ocrx_word' id='word_1_220' title='bbox 1317 3181 1450 3247; x_wconf 80' lang='lat' dir='ltr'><strong>Traube</strong></span> <span class='ocrx_word' id='word_1_221' title='bbox 1461 3180 1481 3244; x_wconf 92' lang='lat' dir='ltr'><strong>l.</strong></span> <span class='ocrx_word' id='word_1_222' title='bbox 1492 3179 1510 3242; x_wconf 93' lang='lat' dir='ltr'><strong>l.</strong></span> 
     </span>
     <span class='ocr_line' id='line_1_27' title="bbox 343 3279 1511 3369; baseline 0.003 -22"><span class='ocrx_word' id='word_1_223' title='bbox 343 3301 372 3363; x_wconf 91' lang='lat' dir='ltr'><strong>p.</strong></span> <span class='ocrx_word' id='word_1_224' title='bbox 396 3279 461 3348; x_wconf 84' lang='lat'><strong>367</strong></span> <span class='ocrx_word' id='word_1_225' title='bbox 486 3283 589 3367; x_wconf 88' lang='lat' dir='ltr'><strong>sqq.):</strong></span> <span class='ocrx_word' id='word_1_226' title='bbox 637 3283 741 3350; x_wconf 88' lang='lat' dir='ltr'><strong>Deest</strong></span> <span class='ocrx_word' id='word_1_227' title='bbox 764 3285 936 3366; x_wconf 89' lang='lat' dir='ltr'><strong>quaternio</strong></span> <span class='ocrx_word' id='word_1_228' title='bbox 961 3288 987 3367; x_wconf 88' lang='grc' dir='ltr'><strong>Ι,</strong></span> <span class='ocrx_word' id='word_1_229' title='bbox 1012 3285 1045 3352; x_wconf 93' lang='lat' dir='ltr'><strong>in</strong></span> <span class='ocrx_word' id='word_1_230' title='bbox 1070 3288 1104 3352; x_wconf 92' lang='lat' dir='ltr'><strong>II</strong></span> <span class='ocrx_word' id='word_1_231' title='bbox 1128 3307 1205 3369; x_wconf 89' lang='lat' dir='ltr'><strong>pars</strong></span> <span class='ocrx_word' id='word_1_232' title='bbox 1229 3287 1430 3355; x_wconf 87' lang='lat' dir='ltr'><strong>Pisonianaa</strong></span> <span class='ocrx_word' id='word_1_233' title='bbox 1453 3297 1511 3352; x_wconf 89' lang='lat' dir='ltr'><strong>tra·</strong></span> 
     </span>
     <span class='ocr_line' id='line_1_28' title="bbox 345 3388 1509 3480; baseline 0.003 -27"><span class='ocrx_word' id='word_1_234' title='bbox 345 3388 451 3472; x_wconf 89' lang='lat' dir='ltr'><strong>ditur;</strong></span> <span class='ocrx_word' id='word_1_235' title='bbox 484 3391 631 3471; x_wconf 86' lang='lat' dir='ltr'><strong>sequitur</strong></span> <span class='ocrx_word' id='word_1_236' title='bbox 665 3394 836 3472; x_wconf 86' lang='lat' dir='ltr'><strong>quaternio</strong></span> <span class='ocrx_word' id='word_1_237' title='bbox 872 3393 940 3460; x_wconf 88' lang='lat' dir='ltr'><strong>VII</strong></span> <span class='ocrx_word' id='word_1_238' title='bbox 970 3394 1165 3476; x_wconf 88' lang='lat' dir='ltr'><strong>inscriptus:</strong></span> <span class='ocrx_word' id='word_1_239' title='bbox 1200 3395 1265 3461; x_wconf 82' lang='lat' dir='ltr'><strong>Pro</strong></span> <span class='ocrx_word' id='word_1_240' title='bbox 1292 3395 1436 3480; x_wconf 78' lang='lat' dir='ltr'><strong>Fonteio,</strong></span> <span class='ocrx_word' id='word_1_241' title='bbox 1465 3391 1509 3475; x_wconf 88' lang='lat' dir='ltr'><strong>qni</strong></span> 
     </span>
    </p>

    <p class='ocr_par' dir='ltr' id='par_1_3' title="bbox 308 3495 1516 4549">
     <span class='ocr_line' id='line_1_29' title="bbox 308 3495 1507 3585; baseline 0.003 -26"><span class='ocrx_word' id='word_1_242' title='bbox 308 3506 311 3514; x_wconf 88' lang='lat'>&#39;</span> <span class='ocrx_word' id='word_1_243' title='bbox 344 3495 498 3563; x_wconf 85' lang='lat' dir='ltr'><strong>continet</strong></span> <span class='ocrx_word' id='word_1_244' title='bbox 523 3505 648 3578; x_wconf 85' lang='lat' dir='ltr'><strong>partem</strong></span> <span class='ocrx_word' id='word_1_245' title='bbox 673 3498 889 3581; x_wconf 55' lang='lat' dir='ltr'><strong>Flaccianum</strong></span> <span class='ocrx_word' id='word_1_246' title='bbox 924 3499 958 3566; x_wconf 93' lang='lat' dir='ltr'><strong>in</strong></span> <span class='ocrx_word' id='word_1_247' title='bbox 988 3500 1071 3566; x_wconf 83' lang='lat' dir='ltr'>VIII</span> <span class='ocrx_word' id='word_1_248' title='bbox 1095 3501 1300 3570; x_wconf 84' lang='lat' dir='ltr'><strong>Fonteianae</strong></span> <span class='ocrx_word' id='word_1_249' title='bbox 1329 3521 1406 3585; x_wconf 87' lang='lat' dir='ltr'><strong>pars</strong></span> <span class='ocrx_word' id='word_1_250' title='bbox 1432 3501 1507 3569; x_wconf 88' lang='lat' dir='ltr'><strong>nollo</strong></span> 
     </span>
     <span class='ocr_line' id='line_1_30' title="bbox 344 3602 1504 3693; baseline 0.003 -27"><span class='ocrx_word' id='word_1_251' title='bbox 344 3602 439 3668; x_wconf 87' lang='lat' dir='ltr'><strong>titulo</strong></span> <span class='ocrx_word' id='word_1_252' title='bbox 486 3604 597 3670; x_wconf 88' lang='lat' dir='ltr'><strong>addito</strong></span> <span class='ocrx_word' id='word_1_253' title='bbox 646 3608 852 3690; x_wconf 80' lang='lat' dir='ltr'><strong>annectitur,</strong></span> <span class='ocrx_word' id='word_1_254' title='bbox 913 3608 1031 3673; x_wconf 90' lang='lat' dir='ltr'><strong>deinde</strong></span> <span class='ocrx_word' id='word_1_255' title='bbox 1078 3619 1261 3689; x_wconf 88' lang='lat' dir='ltr'><strong>sequuntur</strong></span> <span class='ocrx_word' id='word_1_256' title='bbox 1312 3609 1504 3693; x_wconf 80' lang='lat' dir='ltr'><strong>Philippicae</strong></span> 
     </span>
     <span class='ocr_line' id='line_1_31' title="bbox 344 3707 1509 3798; baseline 0.003 -24"><span class='ocrx_word' id='word_1_257' title='bbox 344 3707 520 3776; x_wconf 89' lang='lat' dir='ltr'><strong>orationes.</strong></span> <span class='ocrx_word' id='word_1_258' title='bbox 569 3711 664 3778; x_wconf 89' lang='lat' dir='ltr'><strong>Unde</strong></span> <span class='ocrx_word' id='word_1_259' title='bbox 688 3731 760 3779; x_wconf 89' lang='lat' dir='ltr'><strong>curn</strong></span> <span class='ocrx_word' id='word_1_260' title='bbox 787 3715 938 3798; x_wconf 81' lang='lat' dir='ltr'><strong>Intellegi</strong></span> <span class='ocrx_word' id='word_1_261' title='bbox 966 3714 1064 3782; x_wconf 86' lang='lat' dir='ltr'><strong>facile</strong></span> <span class='ocrx_word' id='word_1_262' title='bbox 1095 3729 1208 3798; x_wconf 90' lang='lat' dir='ltr'><strong>posset</strong></span> <span class='ocrx_word' id='word_1_263' title='bbox 1240 3715 1401 3782; x_wconf 89' lang='lat' dir='ltr'><strong>coaluisse</strong></span> <span class='ocrx_word' id='word_1_264' title='bbox 1435 3718 1509 3784; x_wconf 82' lang='lat' dir='ltr'><strong>Fon·</strong></span> 
     </span>
     <span class='ocr_line' id='line_1_32' title="bbox 344 3816 1511 3902; baseline 0.004 -22"><span class='ocrx_word' id='word_1_265' title='bbox 344 3816 487 3881; x_wconf 90' lang='lat' dir='ltr'><strong>teianam</strong></span> <span class='ocrx_word' id='word_1_266' title='bbox 523 3837 593 3886; x_wconf 90' lang='lat' dir='ltr'><strong>cnm</strong></span> <span class='ocrx_word' id='word_1_267' title='bbox 622 3817 811 3902; x_wconf 86' lang='lat' dir='ltr'><strong>Flacciana,</strong></span> <span class='ocrx_word' id='word_1_268' title='bbox 847 3822 987 3889; x_wconf 73' lang='lat' dir='ltr'><strong>mamone</strong></span> <span class='ocrx_word' id='word_1_269' title='bbox 1011 3825 1073 3890; x_wconf 94' lang='lat' dir='ltr'><strong>hoc</strong></span> <span class='ocrx_word' id='word_1_270' title='bbox 1097 3824 1141 3889; x_wconf 91' lang='lat' dir='ltr'><strong>ad</strong></span> <span class='ocrx_word' id='word_1_271' title='bbox 1173 3842 1266 3890; x_wconf 86' lang='lat' dir='ltr'><strong>suam</strong></span> <span class='ocrx_word' id='word_1_272' title='bbox 1297 3821 1511 3891; x_wconf 89' lang='lat' dir='ltr'><strong>coniecturam</strong></span> 
     </span>
     <span class='ocr_line' id='line_1_33' title="bbox 345 3923 1513 4014; baseline 0.002 -24"><span class='ocrx_word' id='word_1_273' title='bbox 345 3923 509 4004; x_wconf 88' lang='lat' dir='ltr'><strong>pertinere</strong></span> <span class='ocrx_word' id='word_1_274' title='bbox 524 3926 689 3992; x_wconf 81' lang='lat' dir='ltr'><strong>intellexit</strong></span> <span class='ocrx_word' id='word_1_275' title='bbox 733 3927 940 4002; x_wconf 85' lang='lat' dir='ltr'><strong>NIebuhrius.</strong></span> <span class='ocrx_word' id='word_1_276' title='bbox 988 3930 1134 4014; x_wconf 82' lang='lat' dir='ltr'><strong>Longius</strong></span> <span class='ocrx_word' id='word_1_277' title='bbox 1150 3936 1260 3996; x_wconf 86' lang='lat' dir='ltr'><strong>autem</strong></span> <span class='ocrx_word' id='word_1_278' title='bbox 1277 3932 1513 4014; x_wconf 84' lang='lat' dir='ltr'><strong>procedendum</strong></span> 
     </span>
     <span class='ocr_line' id='line_1_34' title="bbox 345 4032 1514 4120; baseline 0.005 -26"><span class='ocrx_word' id='word_1_279' title='bbox 345 4047 418 4097; x_wconf 89' lang='lat' dir='ltr'><strong>esse</strong></span> <span class='ocrx_word' id='word_1_280' title='bbox 440 4032 548 4098; x_wconf 89' lang='lat' dir='ltr'><strong>credo.</strong></span> <span class='ocrx_word' id='word_1_281' title='bbox 596 4033 678 4100; x_wconf 91' lang='lat' dir='ltr'><strong>Nam</strong></span> <span class='ocrx_word' id='word_1_282' title='bbox 703 4052 777 4100; x_wconf 89' lang='lat' dir='ltr'><strong>curn</strong></span> <span class='ocrx_word' id='word_1_283' title='bbox 800 4048 926 4102; x_wconf 89' lang='lat' dir='ltr'><strong>rectum</strong></span> <span class='ocrx_word' id='word_1_284' title='bbox 949 4035 993 4102; x_wconf 87' lang='lat' dir='ltr'><strong>sit</strong></span> <span class='ocrx_word' id='word_1_285' title='bbox 1017 4037 1197 4103; x_wconf 87' lang='lat' dir='ltr'><strong>secundum</strong></span> <span class='ocrx_word' id='word_1_286' title='bbox 1228 4040 1386 4120; x_wconf 87' lang='lat' dir='ltr'><strong>temporis</strong></span> <span class='ocrx_word' id='word_1_287' title='bbox 1418 4037 1514 4104; x_wconf 88' lang='lat' dir='ltr'><strong>ratio·</strong></span> 
     </span>
     <span class='ocr_line' id='line_1_35' title="bbox 345 4139 1515 4226; baseline 0.003 -24"><span class='ocrx_word' id='word_1_288' title='bbox 345 4155 419 4202; x_wconf 90' lang='lat' dir='ltr'><strong>nem</strong></span> <span class='ocrx_word' id='word_1_289' title='bbox 447 4139 613 4206; x_wconf 86' lang='lat' dir='ltr'><strong>orationes</strong></span> <span class='ocrx_word' id='word_1_290' title='bbox 641 4140 728 4207; x_wconf 90' lang='lat' dir='ltr'><strong>illins</strong></span> <span class='ocrx_word' id='word_1_291' title='bbox 764 4142 885 4208; x_wconf 90' lang='lat' dir='ltr'><strong>codicis</strong></span> <span class='ocrx_word' id='word_1_292' title='bbox 910 4143 1084 4226; x_wconf 86' lang='lat' dir='ltr'><strong>dispositas</strong></span> <span class='ocrx_word' id='word_1_293' title='bbox 1119 4163 1185 4210; x_wconf 94' lang='lat' dir='ltr'><strong>non</strong></span> <span class='ocrx_word' id='word_1_294' title='bbox 1221 4164 1294 4212; x_wconf 86' lang='lat' dir='ltr'><strong>esse</strong></span> <span class='ocrx_word' id='word_1_295' title='bbox 1329 4152 1363 4210; x_wconf 91' lang='lat' dir='ltr'><strong>et</strong></span> <span class='ocrx_word' id='word_1_296' title='bbox 1398 4159 1515 4226; x_wconf 80' lang='lat' dir='ltr'><strong>genere</strong></span> 
     </span>
     <span class='ocr_line' id='line_1_36' title="bbox 345 4244 1515 4334; baseline 0.003 -24"><span class='ocrx_word' id='word_1_297' title='bbox 345 4244 516 4326; x_wconf 88' lang='lat' dir='ltr'><strong>specieque</strong></span> <span class='ocrx_word' id='word_1_298' title='bbox 540 4246 638 4328; x_wconf 88' lang='lat' dir='ltr'><strong>plone</strong></span> <span class='ocrx_word' id='word_1_299' title='bbox 675 4247 761 4314; x_wconf 88' lang='lat' dir='ltr'><strong>inter</strong></span> <span class='ocrx_word' id='word_1_300' title='bbox 796 4267 831 4315; x_wconf 88' lang='lat' dir='ltr'><strong>se</strong></span> <span class='ocrx_word' id='word_1_301' title='bbox 860 4248 984 4334; x_wconf 86' lang='lat' dir='ltr'><strong>differe,</strong></span> <span class='ocrx_word' id='word_1_302' title='bbox 1021 4259 1080 4318; x_wconf 86' lang='lat' dir='ltr'><strong>aut</strong></span> <span class='ocrx_word' id='word_1_303' title='bbox 1114 4253 1244 4319; x_wconf 91' lang='lat' dir='ltr'><strong>omnino</strong></span> <span class='ocrx_word' id='word_1_304' title='bbox 1281 4251 1377 4320; x_wconf 88' lang='lat' dir='ltr'><strong>huius</strong></span> <span class='ocrx_word' id='word_1_305' title='bbox 1411 4251 1515 4332; x_wconf 88' lang='lat' dir='ltr'><strong>dispo·</strong></span> 
     </span>
     <span class='ocr_line' id='line_1_37' title="bbox 346 4351 1516 4443; baseline 0.002 -25"><span class='ocrx_word' id='word_1_306' title='bbox 346 4351 473 4419; x_wconf 77' lang='lat' dir='ltr'><strong>sitioniS</strong></span> <span class='ocrx_word' id='word_1_307' title='bbox 497 4354 655 4440; x_wconf 87' lang='lat' dir='ltr'><strong>originem</strong></span> <span class='ocrx_word' id='word_1_308' title='bbox 679 4355 884 4441; x_wconf 84' lang='lat' dir='ltr'><strong>investigare</strong></span> <span class='ocrx_word' id='word_1_309' title='bbox 913 4378 978 4425; x_wconf 93' lang='lat' dir='ltr'><strong>non</strong></span> <span class='ocrx_word' id='word_1_310' title='bbox 1002 4379 1171 4443; x_wconf 88' lang='lat' dir='ltr'><strong>possumus</strong></span> <span class='ocrx_word' id='word_1_311' title='bbox 1201 4367 1261 4427; x_wconf 86' lang='lat' dir='ltr'><strong>unt</strong></span> <span class='ocrx_word' id='word_1_312' title='bbox 1291 4379 1316 4426; x_wconf 88' lang='lat' dir='ltr'><strong>e</strong></span> <span class='ocrx_word' id='word_1_313' title='bbox 1331 4359 1516 4426; x_wconf 89' lang='lat' dir='ltr'><strong>litterarum</strong></span> 
     </span>
     <span class='ocr_line' id='line_1_38' title="bbox 346 4460 1516 4549; baseline 0.002 -24"><span class='ocrx_word' id='word_1_314' title='bbox 346 4460 431 4527; x_wconf 91' lang='lat' dir='ltr'><strong>serie</strong></span> <span class='ocrx_word' id='word_1_315' title='bbox 464 4479 520 4527; x_wconf 87' lang='lat' dir='ltr'><strong>eas</strong></span> <span class='ocrx_word' id='word_1_316' title='bbox 552 4461 727 4544; x_wconf 84' lang='lat' dir='ltr'><strong>dispositas</strong></span> <span class='ocrx_word' id='word_1_317' title='bbox 752 4481 824 4530; x_wconf 86' lang='lat' dir='ltr'><strong>esse</strong></span> <span class='ocrx_word' id='word_1_318' title='bbox 847 4464 1001 4532; x_wconf 91' lang='lat' dir='ltr'><strong>dicemus.</strong></span> <span class='ocrx_word' id='word_1_319' title='bbox 1051 4465 1147 4549; x_wconf 82' lang='lat' dir='ltr'><strong>Quod</strong></span> <span class='ocrx_word' id='word_1_320' title='bbox 1170 4469 1198 4533; x_wconf 93' lang='lat' dir='ltr'><strong>si</strong></span> <span class='ocrx_word' id='word_1_321' title='bbox 1221 4469 1271 4534; x_wconf 83' lang='lat' dir='ltr'><strong>ita</strong></span> <span class='ocrx_word' id='word_1_322' title='bbox 1294 4475 1353 4548; x_wconf 86' lang='lat' dir='ltr'><strong>est,</strong></span> <span class='ocrx_word' id='word_1_323' title='bbox 1386 4461 1516 4549; x_wconf 87' lang='lat' dir='ltr'><strong>scripsit</strong></span> 
     </span>
    </p>
   </div>
   <div class='ocr_carea' id='block_1_3' title="bbox 0 0 1631 5254">
    <p class='ocr_par' dir='ltr' id='par_1_4' title="bbox 0 0 1631 5254">
     <span class='ocr_line' id='line_1_39' title="bbox 0 0 1631 5254; baseline 0 0"><span class='ocrx_word' id='word_1_324' title='bbox 0 0 1631 5254; x_wconf 95' lang='lat' dir='ltr'><strong> </strong></span> 
     </span>
    </p>
   </div>
  </div>
 </body>
</html>
